2435 3212
613 205 703 254 420
1021 188 1922 237 L1ss.11.CA1³u·rV1.

611 270 687 334 ipfi
713 269 878 316 bonum
904 267 1160 316 ostentatum
1175 301 1188 322 ‚
1224 283 1313 313 non
1335 268 1423 315 fatis
1446 269 1627 331 pollente
1652 269 1694 313 in
1720 269 1863 314 animo
1894 265 1980 330 ejus
1995 267 2110 316 verbi
2123 266 2257 317 divini

613 338 818 384 memoria
830 352 842 387 3
862 351 934 381 nec
946 337 1099 381 timore
1110 335 1195 381 Dei
1209 333 1363 380 frenata
1377 332 1429 380 ad
1441 336 1629 382 altiorem
1642 333 1768 380 istum
1781 332 1935 382 statum
1953 369 1967 391 ,
1994 352 2123 397 quem
2137 353 2256 384 men-

614 400 696 449 dax
718 403 878 466 spiritus
901 400 1161 465 promiserat,
1196 398 1424 453 adbinniit3
1451 414 1576 462 atque
1588 401 1826 448 obversante
1849 402 1997 448 arbore
2009 436 2022 457 ‚
2060 417 2256 465 tantaque

614 467 804 516 felicitate
826 502 839 523 ‚
875 484 970 530 quae
995 484 1046 515 ex
1070 485 1115 513 ea
1138 465 1335 533 penderet
1348 501 1361 523 ‚
1386 483 1474 513 non
1504 468 1594 514 satis
1607 465 1755 514 firmos
1767 466 1818 514 ad
1831 485 1921 515 eam
1935 470 2081 516 oculos
2095 467 2255 519 habuit.

616 538 766 597 Atque
777 533 865 582 haec
878 536 1037 596 aliaque
1049 534 1184 583 secum
1198 535 1322 598 agitat
1340 553 1350 580 t
1377 536 1530 580 summi
1543 534 1646 582 boni
1657 535 1893 581 consecutio
1905 534 1962 581 est
1975 537 2016 581 in
2032 536 2125 582 mea
2139 552 2256 600 pote·
2306 534 2310 539 ’

617 599 718 648 state
728 618 741 654 3
758 601 882 648 arbor
891 601 974 664 ipsa
985 600 1156 665 speciosa
1169 600 1318 648 fronde
1329 618 1374 647 ac
1386 601 1529 648 fluctu
1542 600 1752 648 blanditur
1763 618 1775 654 ;
1791 603 1955 664 angelus
1967 602 2155 664 quidam,
2175 603 2256 652 hu-

614 665 680 728 jus
703 667 859 714 arboris
871 669 934 714 vel
947 685 1055 715 curae
1070 669 1134 715 vel
1147 666 1347 715 custodiae
1360 666 1601 732 praepositus
1614 702 1626 722 ,
1653 684 1783 714 omne
1806 667 1891 726 ejus
1903 670 2197 717 sacramentum
2212 689 2256 719 ac

618 734 868 799 mysterium
894 733 999 781 mihi
1029 736 1239 799 exposuit3
1269 737 1518 796 unicamque
1530 736 1571 780 in
1586 732 1715 781 horto
1727 735 1935 790 arborem,
1964 752 2016 781 ex
2030 753 2113 798 qua
2127 739 2257 785 vitam

617 818 664 847 ac
688 802 1047 848 immortalitatem
1071 800 1232 865 gustare
1254 803 1369 849 liceat
1381 838 1393 854 ,
1431 801 1507 848 esse
1520 800 1648 847 edixit
1665 821 1675 848 ε
1701 805 1819 848 Deus
1830 799 1984 859 autern,
2010 820 2105 848 cum
2122 804 2259 852 bonus

616 865 683 923 fit,
698 883 787 913 non
800 867 947 914 frustra
959 885 1050 917 eam
1063 867 1252 915 condidit
1264 903 1278 924 ‚
1313 867 1542 933 medioque
1564 870 1607 914 in
1631 866 1760 916 horto
1774 869 1925 915 locavit
1946 886 1957 921 ς
2001 885 2075 915 nec
2087 873 2166 918 tale
2178 872 2257 918 bo-

616 950 722 980 num
736 968 749 989 ‚
787 936 910 996 quale
945 932 1032 982 haec
1055 936 1179 982 arbor
1203 934 1378 998 spondet
1393 970 1405 990 ‚
1440 949 1632 981 creaturae
1644 936 1723 982 suae
1734 933 1891 983 invidet
1915 940 1995 982 &c.
2032 949 2156 998 atque
2169 952 2259 985 ten-

620 1013 701 1046 tata
725 1002 747 1046 a
770 999 942 1047 diabolo
956 999 1017 1048 his
1031 1001 1313 1063 similibusque
1325 1003 1545 1048 ratiociniis
1557 1000 1731 1065 seipsam
1745 1018 1921 1063 quoque
1933 1005 2104 1050 tentavit
2129 1022 2173 1050 ac
2184 1004 2256 1051 de·

620 1068 743 1130 cepit.
780 1071 876 1114 Nec
901 1066 1099 1132 adspicere
1120 1086 1163 1115 ac
1187 1071 1384 1132 attingere
1396 1082 1603 1122 contenta,
1630 1067 1818 1114 fructum
1833 1067 2000 1115 tandem
2014 1069 2099 1129 ejus
2112 1070 2255 1118 audaci

621 1149 752 1179 manu
765 1134 911 1198 carpsit
921 1169 934 1190 ‚
952 1152 1136 1198 eumque
1147 1134 1452 1199 degustandum
1466 1136 1617 1181 marito
1630 1151 1807 1197 quoque
1819 1136 1974 1182 obtulit
1987 1171 1999 1192 ‚
2016 1151 2062 1183 ut
2074 1136 2257 1198 ejusdem

622 1200 727 1245 boni
739 1201 872 1264 ipsum
888 1204 1128 1266 participem
1141 1201 1338 1249 redderet.
1863 1216 1867 1218 “

408 1261 582 1313 Quomodo
691 1268 815 1316 XVI.
853 1270 1001 1332 Qaeri
1024 1271 1138 1321 solet,
1170 1269 1363 1333 quomodo
1388 1270 1585 1319 Adamas
1607 1269 2008 1331 adduHusfueritmt
2021 1273 2255 1326 comederet,

408 1318 567 1412 sfi‘ff'gm
626 1348 676 1379 an
702 1332 845 1381 iisdem
870 1337 1098 1383 rationibus
1125 1336 1280 1397 quibus
1293 1339 1382 1382 Eva
1394 1334 1559 1399 decepta
1570 1338 1649 1385 fuit
1663 1371 1675 1391 ‚
1712 1353 1806 1397 quae
1820 1337 1965 1399 procul
1978 1335 2111 1383 dubio
2125 1341 2257 1385 collo-

402 1387 507 1478 ΞΨΖ
529 1386 570 1465 Z:
629 1401 782 1461 quium
807 1419 904 1448 cum
930 1402 1109 1467 serpente
1133 1401 1324 1449 habitum
1350 1404 1502 1449 marito
1516 1405 1693 1451 narravit
1703 1437 1716 1454 ‚
1756 1403 1915 1463 suoque
1925 1406 2119 1467 exemplo
2132 1407 2173 1451 in
2186 1423 2258 1453 va-

414 1483 610 1521 comederet?
626 1483 732 1513 num
756 1485 806 1514 ex
830 1468 991 1516 fructus
1002 1469 1087 1528 ejus
1098 1470 1165 1516 esu
1178 1484 1361 1516 mortem
1372 1471 1508 1516 tImeri
1521 1470 1705 1517 firmavit
1718 1471 1733 1515 ζ
1772 1485 1823 1515 an
1837 1486 1936 1515 vero
1950 1471 2023 1516 alia
2035 1473 2195 1519 ratione
2206 1472 2258 1520 ad

623 1531 667 1580 id
679 1550 895 1598 permotus
908 1535 1029 1582 fuerit
1055 1538 1070 1583 ξ
1110 1535 1248 1599 Qod
1260 1536 1492 1600 Apostolus
1505 1539 1643 1600 potius
1653 1534 1857 1583 affirmare
1868 1536 2045 1583 videtur.
2086 1555 2102 1584 1
2111 1574 2121 1585 .
2135 1541 2256 1587 Tim.

629 1617 744 1662 2:14.
772 1606 874 1647 Non
899 1610 1007 1650 enim
1030 1605 1182 1650 Adam
1202 1604 1446 1669 estſs’dm‘lus
1459 1639 1472 1660 ,
1499 1618 1547 1650 ut
1559 1606 1760 1650 nimirum
1775 1620 1868 1649 vera
1881 1602 2059 1650 crederet
2072 1622 2166 1666 quae
2179 1609 2259 1653 fier·

625 1682 724 1730 pens
749 1670 913 1715 mulieri
939 1671 1202 1733 persuaserat3
1219 1671 1298 1728 fi’d
1307 1671 1622 1731 mulierseduefia
1636 1671 1756 1730 cauſsa
1767 1672 1822 1715 illi
1837 1671 2249 1735 transgrcffionirfuit.

628 1739 741 1796 Qae
755 1736 879 1782 verba
890 1737 1060 1783 innuere
1071 1736 1269 1785 videntur
1280 1771 1293 1792 ,
1334 1738 1467 1801 ipsum
1482 1741 1619 1802 potius
1631 1754 1772 1784 amore
1783 1735 1971 1799 conjugis
1981 1739 2154 1800 lapsum,
2184 1757 2257 1787 cu·

625 1798 690 1858 jus
702 1802 892 1848 animum
905 1800 1083 1867 affligere
1096 1804 1262 1850 nolebat
1278 1822 1288 1849 :
1302 1802 1489 1866 adeoque
1501 1804 1571 1852 etfi
1586 1806 1774 1868 praecepti
1789 1805 1870 1850 Dei
1882 1804 2079 1859 conscius,
2091 1811 2135 1851 &
2147 1811 2258 1853 Sata-

628 1882 692 1913 nae
718 1866 861 1914 fraude
883 1871 1085 1923 int-actm,
1123 1886 1264 1918 tamen
1289 1887 1342 1917 ne
1363 1888 1455 1918 eam
1477 1874 1519 1917 in
1533 1871 1612 1918 isto
1627 1870 1733 1917 statu
1744 1869 1965 1925 desereret,
2003 1872 2192 1920 oblatum
2207 1874 2258 1920 ab

628 1934 710 1996 ipsa
733 1932 921 1981 fructum
945 1938 1069 1983 etiam
1091 1938 1234 1984 libavit
1249 1957 1259 1983 :
1284 1936 1394 1984 forte
1405 1937 1573 1985 credens
1587 1973 1600 1994 ‚
1624 1935 1820 1984 affectum
1845 1935 1956 1983 hunc
1967 1955 2058 2001 erga
2071 1939 2258 2002 sponsam

629 2001 743 2045 suam
756 2035 770 2056 ,
806 2002 829 2047 a
848 2005 947 2048 Deo
969 2002 1044 2067 ipsi
1070 2002 1210 2051 datam
1224 2037 1237 2058 ,
1273 2003 1304 2050 fi
1330 2003 1435 2066 quid
1448 2003 1514 2051 hic
1528 2018 1738 2070 peccatum
1750 2003 1883 2059 foret,
1921 2003 2034 2050 facile
2045 2007 2256 2054 excusatu-

628 2082 739 2113 rum.
785 2069 899 2115 Sicut
924 2067 1006 2116 huc
1031 2071 1241 2118 collimare
1255 2069 1419 2118 videtur
1429 2070 1514 2131 ejus
1526 2070 1577 2119 ad
1590 2074 1733 2118 Deum
1746 2069 1954 2134 responsio
1969 2105 1980 2125 ‚
2017 2089 2100 2133 qua
2115 2090 2202 2119 non
2215 2076 2259 2120 in

629 2132 821 2195 strpentis
835 2134 1097 2185 mendacium
1112 2171 1124 2191 ‚
1148 2136 1215 2184 sed
1227 2139 1270 2184 in
1283 2141 1509 2193 mulierem,
1532 2156 1662 2202 quam
1675 2139 1839 2184 dederat
1851 2140 1921 2201 ipfi
1927 2142 2042 2185 Deus
2055 2174 2067 2194 ,
2093 2142 2258 2204 culpam

628 2198 770 2258 rejicit.
811 2203 972 2248 Mulier
996 2218 1138 2250 autem
1152 2203 1362 2252 seducstam
1390 2205 1463 2250 sese
1475 2206 1496 2250 a
1507 2205 1684 2268 serpente
1712 2206 1900 2266 queritur
1915 2224 1924 2250 :
1953 2210 2113 2269 Serpens
2125 2209 2258 2268 istese-

625 2267 748 2312 duxit
759 2286 837 2323 me,
850 2275 899 2322 &¹
912 2272 1076 2324 comedi,
1092 2289 1130 2317 v.
1141 2288 1159 2320 1
1169 2289 1206 2318 z.
1233 2275 1302 2318 Ex
1315 2289 1406 2334 quo
1420 2271 1604 2318 foeminae
1618 2276 1660 2317 δε
1671 2272 1928 2317 intellectum
1942 2275 1983 2316 ὃ(
1998 2275 2259 2322 voluntatem

625 2348 883 2395 corruptam,
894 2337 1034 2383 virum
1050 2355 1148 2384 vero
1161 2355 1248 2385 non
1261 2353 1350 2386 tarn
1361 2355 1496 2385 errore
1508 2340 1548 2384 in
1562 2338 1768 2384 intellectu
1781 2336 2146 2401 leductum‚quam
2160 2340 2259 2388 affe-

629 2400 718 2445 ctui
731 2403 1129 2460 succumbentem‚in
1144 2420 1358 2468 peccatum
1370 2402 1505 2461 ruiffe,
1519 2403 1669 2451 confici
1681 2402 1857 2451 videtur.

422 2466 625 2512 Ejuspecca-
703 2468 743 2513 X
753 2472 847 2515 VII.
885 2475 992 2533 Qo
1005 2472 1186 2535 respectu
1201 2474 1365 2535 gravius
1376 2471 1541 2520 videtur
1552 2473 1628 2517 viri
1640 2485 1849 2534 peccatum
1863 2506 1876 2526 ‚
1890 2472 1965 2532 qui
1978 2488 2064 2517 non
2078 2475 2164 2520 viso
2177 2473 2259 2522 ho-

422 2532 496 2584 nrm
509 2536 594 2571 gm-
639 2531 712 2588 ste,
738 2549 813 2581 nec
826 2540 1056 2585 certaminis
1067 2540 1268 2603 particeps
1278 2574 1292 2594 ,
1322 2539 1414 2586 solis
1427 2541 1566 2586 uxoris
1577 2536 1780 2584 blanditiis
1792 2537 2003 2584 succubuit
2019 2558 2028 2584 ε
2056 2557 2183 2601 quam
2198 2558 2259 2590 ta-

421 2591 508 2615 '‘²¹¹⁴‘'
638 2608 736 2645 men
762 2615 809 2647 ut
821 2603 885 2648 vir
896 2621 940 2651 ac
951 2604 1040 2653 dux
1052 2604 1137 2664 ejus
1150 2606 1339 2669 sapientia
1352 2607 1419 2652 sua
1432 2623 1566 2670 regere
1579 2639 1591 2660 ‚
1613 2609 1656 2651 &
1670 2605 1741 2650 ubi
1754 2621 1859 2669 opus
1870 2605 2088 2653 emendare
2098 2608 2259 2655 debuis⁶

634 2666 701 2720 set5
720 2670 880 2731 quique
890 2671 1053 2738 integro
1066 2674 1321 2736 caeteroquin
1335 2674 1563 2722 intelle&us
1574 2674 1830 2730 lumine‚sola
1842 2674 2065 2721 voluntatis
2078 2674 2260 2723 infirmi-

2179 2758 2260 2791 tate
