2367 3142
250 179 325 243 DE
360 191 638 225 vocA’rIONE
673 179 942 224 ABRAHAMI
993 178 1037 222 &
1069 180 1282 224 Formae
1318 175 1435 224 Dm.
1597 188 1672 233 515

15 259 27 310 ’ζ
59 271 141 307 tur.
187 257 418 322 Apostolus
451 261 562 306 enim
605 268 788 322 :alffinus
810 261 946 322 foedus
979 276 1064 320 430
1098 275 1226 306 annos
1260 273 1351 306 ante
1373 261 1504 323 legem
1529 262 1649 322 ponit
1659 297 1672 313 ,

65 324 202 386 (quod
215 342 360 372 verum
373 324 431 371 est
443 343 454 378 3
482 343 580 372 cum
594 329 785 373 Abramo
799 324 931 371 adhuc
942 327 985 371 in
1006 328 1099 372 Ure
1110 326 1290 372 verfiinte
1312 326 1414 373 illud
1426 327 1578 372 snitum
1593 324 1673 380 fit)

61 406 148 438 non
172 408 270 437 vero
295 403 442 456 „deam
467 393 595 443 illius;
614 395 679 438 illa
700 394 811 438 enim
828 390 1066 453 quindecim
1079 394 1191 437 annis
1203 392 1297 455 post
1309 392 1413 439 faeta
1426 392 1508 438 est:
1524 396 1566 437 ὃ(
1581 390 1679 437 sim-

64 458 218 522 pliciter
230 472 394 505 tantum
407 456 518 510 dicit,
536 458 636 503 illud
649 475 745 504 ante
758 460 1039 520 confirmatum
1051 454 1127 503 effe
1140 493 1152 513 ‚
1187 475 1273 503 non
1288 460 1445 522 praecise
1457 475 1539 520 430
1553 474 1681 504 annos

63 537 154 570 ante
165 559 178 576 ,
222 524 287 571 sed
312 527 353 570 in
378 541 522 587 genere
544 539 636 570 ante
659 527 790 587 legem
802 526 924 570 latam
938 558 950 579 ‚
974 529 1016 569 &
1030 541 1237 570 annorum
1251 524 1424 571 istorum
1436 541 1521 586 430
1536 523 1680 569 finem.

64 591 135 636 Ut
155 590 354 653 conjungi
379 607 466 635 non
491 589 664 636 debeant
678 589 813 636 foedus
825 596 868 636 &
881 589 1148 638 confirmatio
1161 590 1268 652 ejus,
1310 590 1374 637 sed
1388 594 1527 654 potius
1537 589 1683 637 distin-

63 657 146 720 gui.
184 662 290 719 Qo
300 657 514 702 observato
527 655 744 704 difficultas
755 659 891 702 omnis
903 658 1079 703 tollitur.

132 724 184 767 X.
220 724 414 784 Sequitur
426 724 677 783 nuncfoedus
690 723 829 787 ipsiw,
857 739 954 769 cum
967 723 988 768 a
1002 737 1113 786 parte
1124 724 1207 770 Dei
1220 725 1372 769 initum
1386 759 1398 779 ,
1432 737 1527 770 tum
1540 724 1561 768 a
1575 736 1686 786 parte

67 785 295 834 Abrahami
318 802 544 852 acceptum.
582 793 624 834 A
642 803 753 852 parte
767 791 850 835 Dei
863 789 1115 835 observanda
1138 789 1210 837 est.
1251 808 1267 836 1
1277 824 1290 837 .
1299 791 1508 854 stipulatio
1522 790 1687 852 foederis

70 870 108 899 2·
127 855 329 917 promiffio.

66 976 74 981 a
133 923 207 966 XI.
243 923 456 984 Stipulatio
470 919 636 966 diverfis
651 921 806 967 vicibus
817 920 921 967 faeta
935 920 1028 976 suit,
1044 936 1167 983 atque
1180 920 1267 968 haec
1280 923 1480 985 praecipue
1491 922 1881 986 praeceptastt'pulatt'n

67 985 391 1049 comprehendit,
410 1005 425 1032 1
434 1022 443 1032 .
457 1002 502 1034 ut
514 995 639 1032 exiret
651 986 670 1031 ὲ
678 988 913 1050 patriasua,
927 989 1040 1034 Gen.
1062 1006 1078 1033 1
1087 1005 1126 1033 2:
1146 1006 1162 1034 1
1171 1023 1181 1034 .
1205 988 1420 1034 idolorum
1433 990 1562 1035 cultui
1572 986 1688 1034 dedi-

67 1052 339 1116 ta,Jos.24;2.
367 1067 490 1114 atque
509 1057 652 1099 Deum
664 1054 918 1115 sequeretur3
938 1052 1058 1114 quod
1072 1053 1339 1115 quorundam
1353 1053 1491 1118 postea
1503 1053 1686 1117 philoso-

67 1116 249 1181 phorum
273 1119 418 1164 scitum
444 1133 509 1165 tot
532 1120 681 1165 saeculis
705 1134 798 1165 ante
809 1136 876 1165 eos
890 1133 1005 1165 natos
1016 1121 1066 1166 ab
1079 1119 1322 1167 Abrahamo
1347 1120 1576 1183 praestitum
1591 1121 1684 1167 fuit.

68 1188 120 1230 Iu
144 1201 232 1245 quo
257 1187 370 1231 exitu
391 1187 530 1248 imago
558 1183 738 1231 exhibita
762 1185 841 1231 fuit
864 1188 1032 1232 exiturae
1057 1189 1161 1232 olim
1175 1204 1225 1232 ex
1241 1184 1456 1250 Babylone
1480 1186 1684 1233 Ecclefiae.

71 1254 192 1297 Exite
206 1269 255 1297 ex
267 1253 347 1302 illa,
357 1254 498 1316 popule
510 1259 568 1298 mi
580 1268 590 1304 ;
607 1270 655 1297 ne
667 1259 962 1298 communicetis
974 1271 1067 1299 cum
1075 1261 1243 1316 peccatis
1255 1252 1355 1313 ejus,
1365 1260 1414 1307 ὠ*
1427 1273 1475 1299 ne
1487 1261 1686 1317 accipiatis

69 1317 116 1363 de
123 1320 253 1380 plagis
265 1315 363 1376 ejus.
398 1321 534 1380 Apoc.
556 1319 621 1364 18:
635 1334 678 1379 4.
722 1334 758 1365 2.
775 1336 824 1363 ne
837 1325 993 1363 timeret
1006 1352 1018 1373 ‚
1032 1320 1146 1365 Gen.
1166 1336 1229 1379 15:
1252 1337 1287 1366 1.
1320 1318 1440 1380 quod
1453 1321 1474 1364 a
1488 1324 1584 1366 Deo
1595 1336 1688 1382 pec-

71 1384 197 1429 catori
209 1381 371 1428 dictum
385 1383 598 1446 spiritualia
610 1388 652 1428 δι’,
665 1396 813 1429 aeterna
824 1384 933 1428 bona
943 1383 1276 1447 comprehendit3
1308 1402 1401 1445 quae
1415 1387 1496 1432 sola
1508 1388 1688 1431 animam

71 1448 201 1502 solari,
225 1447 393 1510 ejusque
414 1463 584 1495 terrores
594 1451 735 1495 tollere
749 1445 928 1507 possunt.
968 1466 1002 1511 3.
1027 1466 1076 1495 nt
1088 1450 1318 1498 ambularet
1341 1469 1475 1497 coram
1489 1458 1575 1498 Deo
1589 1486 1601 1505 ‚
1640 1461 1689 1505 (J

75 1513 157 1576 efflet
169 1521 316 1577 integer
328 1549 340 1569 ‚
368 1516 481 1562 Gen.
498 1533 563 1577 17:
587 1533 602 1561 1
612 1550 621 1560 .
649 1531 693 1561 ac
707 1519 805 1561 Deo
818 1517 944 1561 veluti
968 1515 1068 1562 teste
1082 1532 1277 1579 perpetuo
1300 1518 1455 1564 viveret
1467 1552 1479 1572 ‚
1506 1524 1549 1563 &
1564 1517 1691 1563 fince-

73 1596 160 1626 ram
172 1578 444 1627 obedientiam
457 1579 672 1644 praestaret.
710 1587 819 1644 Qae
833 1580 1008 1628 totidem
1021 1581 1310 1646 resipiscentiae,
1324 1578 1436 1638 fidei,
1464 1601 1507 1631 ac
1520 1583 1692 1630 charita-

75 1647 125 1692 tis
136 1660 329 1709 praecepta
342 1662 469 1693 erant.

140 1715 238 1758 XII.
262 1711 482 1759 Promiffio
495 1712 745 1776 stipulationi
758 1711 951 1771 adjuncta
962 1712 1056 1769 fuit,
1070 1731 1166 1760 cum
1172 1718 1385 1781 generalis,
1399 1731 1491 1763 tum
1493 1715 1688 1780 specialis.
1707 1704 1751 1768 ᾧ*
1763 1707 1812 1744 ‘'H‘'
1821 1708 1892 1748 ad·

141 1781 260 1825 XIII.
295 1784 412 1825 Prior
423 1778 481 1825 est
494 1782 604 1826 Gen.
623 1794 732 1840 15:1.
751 1780 787 1825 se
801 1778 888 1825 fore
900 1778 974 1842 ipfi
987 1780 1155 1837 scutum
1170 1789 1216 1835 (y
1230 1785 1449 1830 mercedem
1461 1785 1575 1846 ipsius
1585 1767 1826 1853 mul-1¹⁴3&

22 1890 25 1923 ἱ
81 1858 168 1890 tam
181 1846 313 1891 valde.
352 1849 393 1891 &
407 1847 521 1892 Gen.
543 1863 607 1908 17:
623 1864 666 1908 7.
690 1851 741 1905 Se
755 1847 845 1907 fore
857 1848 927 1909 ipsi
932 1853 974 1890 in
984 1851 1123 1892 Deum
1136 1881 1149 1901 ,
1183 1854 1231 1900 ὢν
1235 1849 1380 1906 semini
1392 1852 1480 1911 ejus
1486 1850 1570 1913 post
1582 1867 1690 1895 eum.
1709 1829 1908 1920 20⁰2?

23 1928 25 1974 ξ
83 1915 192 1970 Qae
215 1912 349 1957 rursus
371 1912 574 1975 praecipue
598 1925 745 1957 aeterna
757 1912 867 1956 bona
879 1910 1039 1967 dicunt,
1062 1911 1455 1972 &justificationem
1466 1931 1510 1961 ac
1522 1915 1689 1961 salutem
1706 1926 1851 1974 ruralis,

24 1979 27 2043 ξ
79 1975 316 2029 includunt3
345 1992 490 2041 utpote
500 1994 597 2024 curn
610 1981 726 2024 Deus
738 1977 964 2039 sese-ipsum
976 1980 1018 2022 in
1032 1978 1264 2025 mercedem
1277 1978 1423 2028 offerat
1436 2016 1448 2037 ‚
1484 1985 1526 2027 &
1538 1982 1611 2027 sese
1622 1999 1692 2028 ve·

25 2049 28 2103 ἰ
79 2041 123 2088 τὲ
149 2046 293 2089 Deum
315 2043 390 2106 ipsi
414 2043 502 2090 fore
523 2045 752 2107 promittat.
791 2041 928 2107 Qiod
940 2060 1092 2089 nomen
1109 2048 1287 2092 maxima
1312 2064 1492 2109 quaeque
1505 2064 1694 2111 compre-

26 2114 29 2141 ἱ
85 2104 236 2155 hendit.
274 2112 344 2156 Ut
354 2112 466 2155 enim
480 2109 509 2156 s1
524 2111 616 2171 quis
627 2111 699 2155 sese
710 2111 751 2155 in
766 2124 921 2172 patrem
933 2110 1051 2155 alicui
1074 2110 1263 2157 futurum
1279 2113 1494 2175 spondeat,
1541 2131 1693 2160 eonon

27 2166 30 2252 ἰ
84 2176 293 2237 vulgarem
317 2173 512 2222 affectum
536 2175 704 2223 testatur
716 2209 728 2230 ,
765 2191 837 2221 nec
861 2177 1039 2239 vulgaria
1063 2174 1198 2222 officia
1222 2180 1232 2222 i
1239 2178 1295 2241 pfi
1320 2179 1504 2241 praestare
1516 2194 1692 2235 tenetur,

28 2255 31 2281 Ι
84 2238 148 2286 sed
158 2243 264 2296 talia,
282 2244 415 2302 qualia
429 2244 449 2287 a
462 2256 624 2306 parente
634 2240 835 2306 proficisci
846 2242 974 2287 solent
991 2260 1000 2286 τ
1015 2243 1069 2287 ita
1083 2244 1122 2287 in
1138 2247 1281 2289 Deum
1294 2247 1411 2292 alicui
1423 2244 1497 2292 effe
1509 2281 1521 2300 ,
1536 2248 1692 2307 seseque

29 2309 31 2336 ¹
85 2307 229 2353 Deum
251 2307 490 2364 ostendere,
525 2324 650 2370 atque
661 2324 835 2353 omnem
849 2308 1028 2352 nominis
1039 2306 1151 2355 istius
1161 2311 1391 2357 mensuram
1406 2315 1599 2375 implere,
1626 2315 1690 2357 in-

30 2392 33 2413 :
86 2369 159 2419 fert
170 2375 259 2419 talia
271 2373 476 2427 beneficia,
491 2391 584 2436 quae
598 2390 723 2420 nemo
737 2372 810 2419 nifi
825 2377 942 2420 Deus
953 2372 1137 2436 praestare
1149 2372 1297 2438 potest}
1310 2375 1391 2422 hoc
1402 2378 1696 2432 est,immorta·

31 2426 34 2507 ἶ
86 2437 135 2482 lia
158 2443 200 2484 δε
212 2454 357 2486 aeterna
369 2475 381 2495 ‚
403 2457 530 2502 eaque
543 2441 598 2486 sec
605 2439 764 2486 undum
777 2455 925 2502 corpus
936 2455 1053 2502 aeque
1065 2457 1108 2486 ac
1121 2444 1300 2487 animam
1324 2478 1337 2495 ‚
1375 2461 1471 2490 cum
1484 2443 1695 2506 utriusque

33 2550 35 2574 1
90 2504 203 2551 Deus
227 2505 288 2552 fit.
326 2505 456 2553 Unde
479 2508 579 2552 bene
599 2510 789 2552 Servator
809 2522 860 2550 ex
884 2503 1162 2568 promissionis
1185 2506 1257 2568 huj
1265 2526 1308 2554 us
1333 2511 1372 2555 vi
1398 2528 1441 2556 ac
1465 2513 1693 2558 verborum

33 2590 37 2635 3
89 2569 270 2630 pondere
286 2574 417 2618 ‘vitam
442 2577 484 2618 &
508 2586 777 2618 mortuorum
800 2572 1135 2617 resurreetionem
1157 2574 1290 2620 infert.
1329 2580 1395 2622 De
1414 2579 1693 2636 μνεβιννιίἢῑιοηε

36 2673 37 2680 ,
95 2634 187 2681 verb
201 2645 450 2687 mortuorum
461 2657 539 2685 non
553 2640 690 2702 legistis
702 2640 810 2702 quod
819 2637 930 2684 vobis
940 2639 1092 2683 dietum
1104 2639 1156 2698 est
1166 2657 1192 2684 a
1205 2645 1307 2696 Deo,
1319 2642 1483 2696 dicente,
1510 2643 1696 2709 Egofhm

964 2706 1070 2749 Ttt
1106 2721 1129 2749 2
1585 2713 1700 2756 Deus
