2394 3197
684 197 1099 309 Trucesque
1124 201 1361 281 vultus
1382 198 1580 281 ridet.
1599 196 1768 281 Hoc
1787 204 1888 282 illi
1909 204 2215 294 novum'j,

684 313 793 387 llli
820 336 1019 387 vetus
1041 370 1061 403 .,
1088 307 1287 421 quod
1307 311 1508 386 lance
1523 337 1724 386 mens
1746 313 2218 421 reetaintegra

683 417 833 498 Liv
845 417 984 494 oris
1005 447 1256 526 expers
1274 415 1484 493 librat
1503 423 1580 496 &
1597 420 1886 496 trutinat
1910 420 2118 499 bene,

682 524 888 604 Felix
905 527 1196 629 juv-enta
1208 583 1229 611 ,
1256 526 1566 631 Antiqua
1584 551 1801 603 mater
1816 530 2074 607 urbium
2092 529 2107 608 !
2125 584 2129 587 -

683 629 893 711 Felix
909 634 1219 742 juventa,
1243 662 1401 738 quae
1415 662 1455 709 a
1471 629 1680 708 labris
1696 633 1959 739 pendet
1983 634 2158 718 Viri

684 741 1082 849 Deumque
1105 741 1233 818 rite
1252 737 1445 819 discit
1470 739 1483 801 !
1530 734 1602 813 H
1613 768 1747 818 unc
1770 742 2007 820 virum
2025 746 2177 822 cole
2190 773 2210 836 3

686 844 981 925 Accede
996 846 1290 955 supplex
1312 845 1505 946 3fata
1525 870 1604 923 ut
1622 847 1747 955 ipsi
1770 876 2159 958 prorogent

686 953 966 1042 Annos,
997 957 1271 1036 labores
1286 953 1632 1063 sospitent,
1655 984 1943 1033 mecum
1963 987 2158 1066 roga.

1513 1135 1591 1183 Sic
1616 1141 1758 1182 vovet
1786 1146 1846 1184 ex
1871 1132 2021 1183 animo

1770 1259 1825 1312 B.
1867 1257 1929 1309 T.
1968 1260 2022 1310 E.
2064 1256 2138 1313 A.

748 1510 2204 1534 mam—Q*

1251 1677 1355 1743 Ad
1388 1673 1664 1743 eundem.

689 1832 791 1933 V
809 1823 888 1880 Er
923 1824 968 1877 it
982 1822 1057 1876 ad
1064 1831 1344 1875 extremum
1348 1820 1546 1895 semper
1564 1830 1748 1874 natura
1764 1816 1980 1871 laborem
1994 1843 2010 1879 3

925 1909 949 1950 t
963 1900 1128 1971 magis
1143 1895 1243 1951 huc
1256 1898 1431 1971 vergit
1433 1899 1617 1970 gratia
1616 1895 1805 1964 fizm‘i'a
1823 1891 1951 1945 Dei.

685 1972 787 2038 Sic,
819 1977 913 2030 BU
921 1971 1138 2027 RMAN
1145 1970 1236 2024 NE
1247 2008 1263 2035 ‚
1287 1973 1415 2045 pios,
1443 1970 1624 2033 dobios,
1652 1966 1919 2043 coeptofilue
1950 1962 2142 2020 labores

762 2050 969 2126 Ingenio
994 2065 1176 2121 magno
1189 2047 1390 2121 perficis
1405 2083 1419 2108 ,
1453 2057 1566 2100 arte
1592 2045 1735 2098 bona.

685 2125 778 2183 Ad
785 2136 976 2180 metam
985 2136 1226 2196 properas
1238 2158 1255 2185 ‚
1285 2120 1491 2175 Numen
1503 2121 1683 2189 coelcste
1698 2116 1938 2189 ficundet
1955 2120 1973 2170 !

760 2199 919 2276 Qud
925 2199 1022 2255 tibi
1022 2197 1099 2269 fic
1113 2198 1338 2272 scriptor
1355 2208 1520 2252 mente
1537 2212 1785 2268 manuque
1799 2201 1978 2246 vovet.

1431 2327 1614 2390 Collegae
1635 2319 1871 2372 venerando
1894 2319 2030 2385 posuit

1290 2414 1293 2419 '
1335 2434 1632 2485 ramus
1679 2427 2155 2480 MONTANUS.

2059 2654 2220 2701 sm-
2302 2630 2303 2639 ’
