2367 3142
399 194 475 243 Dr:
520 192 812 244 MEmA'roRE
859 187 1095 245 Fomnms
1137 208 1355 247 GRAnAE.
1614 197 1700 263 483

76 267 179 318 aulae
191 266 436 336 apparitores
447 279 492 321 &
502 275 710 323 ministros
720 274 793 340 ipfi
806 274 857 323 ad
871 278 1108 340 supremum
1121 294 1277 324 numen
1289 276 1600 328 adducerentur.
1628 282 1698 326 Ut
1716 279 1818 341 qu
1831 277 1891 341 ἔν’

74 352 167 383 non
193 339 280 386 satis
301 341 456 404 integre
485 343 691 388 Sociniani
703 340 769 388 hic
782 343 1037 389 inimicitiam
1049 357 1212 390 tantum
1225 345 1247 389 a
1259 358 1371 407 parte
1384 343 1608 390 hominum
1621 343 1698 390 sta·
1717 347 1913 424 emeamdne-

78 415 221 459 tuant,
257 422 385 467 quam
410 405 616 462 Christus,
641 406 861 455 hominem
885 409 1166 456 convertendo
1190 413 1233 454 δε
1257 408 1309 456 ad
1333 414 1479 457 Deum
1503 409 1699 456 reducen·
1714 401 1919 479 ξέἰζζιὴζῗ

79 466 164 520 do,
202 487 273 534 per
295 474 508 536 Euangelii
532 475 788 537 praeconium
812 472 1037 521 abstulerit.
1070 480 1187 521 Cum
1213 491 1301 521 non
1314 473 1423 539 apud
1434 473 1624 522 homines
1635 478 1698 521 so-
1717 510 1776 534 am
1797 496 1851 534 hic

76 531 184 591 lum,
208 535 275 583 sed
298 540 420 584 etiam
445 538 554 602 apud
566 543 709 586 Deum
723 574 736 595 ,
773 543 848 602 qui
860 538 1038 586 offensus
1049 555 1148 595 erat,
1172 546 1215 588 &
1227 556 1482 604 peccatorem
1494 542 1695 587 aversaba-
1716 552 1887 589 tantuma

77 611 171 656 tur,
211 601 403 662 quaedam
429 604 652 668 peragenda
683 605 860 661 fuerint,
894 606 1007 668 isque
1029 605 1159 669 digno
1183 609 1473 653 interveniente
1485 606 1695 661 sacrificio,
1713 606 1879 668 paeteho-

72 665 200 727 quod
223 668 475 716 sanctitatem
499 687 544 716 ac
555 670 751 728 justitiam
766 670 850 730 ejus
862 671 994 718 testari
1008 682 1166 734 poterat
1184 707 1196 727 ‚
1218 671 1437 735 placandus
1450 672 1698 733 hominique
1718 674 1854 697 ''¹⁶²⁸''

73 733 358 780 conciliandus
379 735 499 783 foret.
533 740 639 782 Non
665 732 799 782 solum
823 739 932 783 enim
961 736 1150 784 homines
1172 740 1256 784 Dei
1280 740 1435 784 inimici
1460 753 1598 785 erant:
1625 735 1698 783 Vos
1715 715 1885 763 statuunt.

73 815 211 860 :quum
233 800 352 862 effetis
373 802 579 864 quondam
600 801 819 863 abalienati
845 810 892 856 ΘΝ
915 803 1034 854 hostes
1050 819 1179 849 mente
1193 803 1370 868 operibus
1391 808 1509 850 malis
1521 803 1696 858 intentd,

83 866 290 921 mmcsane
303 871 591 914 reconciliavit.
612 857 731 914 Col?
731 886 766 915 1:
784 886 805 915 2
818 886 851 914 Ι.
879 868 955 915 Sed
968 873 1008 914 δε
1023 872 1139 915 Deus
1151 867 1338 916 homines
1357 883 1582 933 peccatores
1593 869 1696 915 odio

81 928 415 991 prosequebatur.
449 937 674 980 Revelatur
696 941 801 980 enim
815 941 877 980 ira
891 940 978 981 ‘Det'
989 937 1036 981 de
1049 939 1139 981 coelo
1153 943 1192 980 in
1206 954 1364 982 omnem
1388 944 1632 998 impietatem
1647 943 1694 988 θ’

69 995 320 1056 «injustitiam
330 1015 466 1044 eorum
478 998 700 1054 hominum,
713 1009 786 1063 qus'
795 1008 1010 1046 veritatem
1021 1007 1062 1047 in
1074 1002 1272 1063 injustitia
1284 1003 1474 1048 detinent.
1499 1005 1634 1049 Rom.
1657 1019 1693 1047 1:

84 1061 151 1107 18.
177 1059 432 1124 habebatque
445 1081 514 1110 eos
527 1081 602 1127 pro
616 1067 787 1111 inimicis
798 1067 897 1121 suis,
922 1066 1073 1127 quibus
1084 1066 1406 1113 reconciliandus
1416 1067 1508 1114 fuit.
1546 1071 1694 1136 Qum

0 1147 1 1195 Ξ
69 1131 229 1174 -inimici
237 1129 409 1189 effi’mus,
422 1132 805 1190 reconciliatzfitmns
817 1137 903 1178 Deo
910 1149 982 1195 per
994 1148 1163 1179 mortem
1172 1134 1247 1196 filii
1258 1135 1383 1196 ipsius.
1398 1136 1535 1181 Rom.
1544 1148 1579 1192 5:
1593 1151 1606 1178 1
1615 1150 1655 1178 o.

144 1196 200 1239 V.
237 1194 451 1241 Mediator
472 1210 609 1242 autem
623 1230 636 1251 ,
659 1200 804 1243 Deum
828 1196 1097 1258 hominesque
1120 1200 1450 1246 reconciliaturus
1485 1199 1696 1260 utriusque
1714 1190 1913 1297 ἷίεἵΐξζῗ·

1711 1298 1791 1348 fita,

0 1270 1 1311 1
68 1271 232 1305 naturae
256 1262 472 1325 particeps,
511 1266 554 1307 δε
578 1279 665 1308 non
689 1261 834 1309 officio
847 1260 1287 1318 solum,sed&natura
1300 1263 1461 1311 medius
1480 1263 1557 1311 ess'e
1566 1263 1690 1310 debe-

0 1318 1 1382 }
78 1324 148 1370 bat
159 1358 173 1378 ,
209 1329 254 1370 &
275 1325 392 1386 juxta
414 1341 636 1389 utramque
647 1344 836 1376 naturam
851 1346 1002 1375 munus
1014 1328 1117 1376 illud
1128 1347 1323 1376 exercere.
1358 1335 1419 1376 Ita
1430 1345 1567 1376 tamen
1582 1346 1628 1377 ut
1642 1348 1690 1376 u-

77 1403 221 1451 traque
244 1406 387 1438 natura
409 1391 598 1439 distincta
621 1410 781 1443 maneat
794 1394 935 1457 quoad
948 1397 1266 1458 proprietates&
1280 1398 1558 1459 operationes,
1594 1413 1688 1457 qua:

65 1469 245 1502 *externo
258 1474 379 1520 opere
390 1463 433 1504 &
456 1469 706 1518 >amm-Q„
730 1463 875 1525 pariter
885 1461 958 1507 sese
970 1460 1208 1509 ostendunt.
1235 1468 1344 1525 Qae
1357 1479 1480 1526 opera
1502 1472 1690 1521 &mue-&nd

68 1525 120 1568 v&
132 1524 379 1570 Deo-virilia
391 1527 713 1589 appellantur,ad
728 1544 821 1588 quae
835 1531 951 1574 Deus
964 1526 1085 1572 simul
1099 1526 1287 1573 &homo
1300 1544 1569 1575 concurrunt.
1910 1551 1953 1638 λ
2005 1574 2019 1585 Α
2043 1591 2069 1630 h
2090 1564 2114 1621 (
2202 1481 2226 1586 s
2253 1538 2299 1571 f·

143 1592 223 1636 VI.
258 1592 327 1636 De
349 1607 499 1638 natura
522 1595 703 1640 humana
725 1591 768 1639 id
792 1594 835 1639 in
855 1590 1037 1640 confeffo
1048 1591 1120 1639 est.
1160 1611 1195 1640 1.
1219 1598 1337 1639 Cum
1359 1596 1471 1640 enim
1484 1594 1687 1642 mediator
1707 1589 1836 1631 natur‘a
1888 1607 1903 1638 ἢ

71 1649 256 1700 hominis
276 1655 487 1718 personam
512 1658 702 1705 sustinere
713 1657 881 1706 deberet
893 1693 906 1713 ,
943 1663 985 1705 &
999 1657 1252 1721 postulatum
1266 1661 1378 1723 prisci
1386 1663 1543 1718 foederds
1557 1659 1690 1708 adim·
1707 1648 1878 1693 humana,

72 1721 194 1782 plere,
206 1723 385 1767 omnino
397 1721 614 1771 hominem
627 1741 722 1771 eum
734 1726 951 1788 oportebat
962 1722 1052 1771 effe.
1076 1726 1284 1787 Alioquin
1293 1725 1434 1772 foedus
1444 1726 1686 1788 illud,quod

71 1785 208 1832 solum
231 1784 446 1835 hominem
470 1790 693 1852 spectabat,
721 1807 808 1836 non
820 1792 1053 1854 impletum,
1077 1806 1149 1836 nec
1160 1790 1428 1838 instaur-atum
1443 1826 1455 1846 ‚
1479 1790 1545 1839 sed
1559 1794 1687 1841 viola..

73 1865 166 1898 tum
179 1854 315 1915 potius
327 1858 369 1900 δε
382 1856 628 1918 abrogatum
640 1870 848 1917 quantum
860 1854 910 1902 ad
922 1857 1220 1920 obligationem
1232 1859 1344 1903 suam
1369 1856 1516 1904 fuisset.
1544 1876 1582 1905 2.
1596 1863 1687 1906 Ac-

71 1916 178 1964 cedit
190 1917 310 1981 quod
321 1936 407 1965 non
421 1922 533 1967 aliter
543 1936 663 1985 caput
675 1920 899 1968 hominum
913 1921 1197 1969 salvandorum
1213 1958 1224 1975 ‚
1240 1940 1472 1985 eorumque
1483 1938 1685 1986 tanquam

56 1986 227 2048 proprii
247 1995 413 2049 corporis
434 2004 482 2033 ac
505 1996 635 2034 carnis
645 1989 739 2045 suae,
766 2004 895 2049 quam
908 1988 1125 2034 tenerrime
1139 1988 1324 2035 adamare
1335 1988 1522 2042 debebat,
1547 1990 1685 2038 custos

2 2073 5 2107 ι
72 2053 116 2095 &
126 2050 377 2109 conservator
388 2069 400 2104 3
417 2068 551 2114 neque
559 2056 681 2099 etiam
694 2054 835 2114 frater
846 2070 1008 2106 eorum,
1024 2070 1067 2099 ac
1079 2057 1190 2109 Geel,
1204 2057 1278 2116 qui
1287 2073 1337 2100 ex
1348 2059 1584 2103 communis
1596 2057 1684 2103 san-

2 2110 5 2183 :
71 2117 205 2178 guinis
225 2116 315 2174 jure
326 2133 394 2162 eos
405 2131 603 2179 tanquam
615 2120 637 2164 a
650 2119 685 2164 le
696 2135 783 2164 non
796 2120 945 2165 alienos
965 2117 1125 2165 asserere
1137 2125 1179 2166 ὃ(
1190 2116 1406 2176 redimere,
1428 2127 1470 2168 &
1483 2138 1684 2184 tanquam

71 2183 259 2245 proprios
270 2181 343 2228 fibi
357 2182 568 2230 vendicare
588 2201 636 2230 ac
647 2183 851 2247 postulare
863 2182 1005 2247 poffet,
1021 2183 1095 2231 effe
1107 2188 1300 2248 potuerit.
1338 2186 1471 2235 Unde
1494 2189 1684 2251 Aposto-

53 2247 133 2293 lus
153 2250 309 2311 egregie
331 2246 576 2305 Christum,
610 2266 660 2296 ex
682 2266 732 2295 eo
757 2250 878 2312 quod
902 2267 1022 2316 capnt
1034 2254 1204 2312 Ecclefiae
1215 2251 1288 2307 est,
1310 2255 1433 2299 etiam
1446 2262 1609 2318 corporis
1613 2255 1683 2313 fin·

70 2309 399 2370 conservatorem,
426 2313 537 2378 Eph.
557 2331 594 2374 5:
612 2333 677 2378 23,
693 2331 761 2376 25,
777 2324 844 2363 26.
883 2321 927 2362 ἃ
949 2317 1127 2363 Hebr.2:
1147 2335 1215 2374 10,
1233 2336 1250 2365 1
1262 2336 1300 2374 1,
1314 2335 1376 2380 14.
1403 2337 1496 2364 eum
1508 2321 1684 2382 quisem-

4 2387 6 2396 ’
69 2379 243 2439 Hficas,
265 2380 419 2443 illosque
439 2387 511 2445 qui
525 2383 835 2445 fhnHficantur
858 2387 901 2428 &
924 2382 1212 2440 redimuntur,
1233 2403 1284 2431 ex
1302 2402 1381 2430 uno
1404 2386 1594 2448 sanguine
1616 2388 1684 2448 effe

5 2449 6 2455 ’
48 2477 58 2495 ψ,
71 2447 342 2508 pronunciat,
365 2461 604 2508 mutuoque
615 2451 774 2509 fratres
798 2450 993 2510 appellare
1003 2467 1081 2494 non
1094 2466 1273 2506 veretur,
1295 2450 1482 2512 illudque
1494 2451 1684 2498 summo-

70 2524 163 2572 pere
172 2511 329 2572 decuisse
340 2513 490 2559 innuit.
526 2529 562 2575 ς.
589 2511 712 2577 Qid
736 2513 856 2575 quod
869 2512 1072 2560 mediator
1095 2519 1168 2582 legi
1183 2515 1411 2572 charitatis,
1444 2515 1495 2562 de
1506 2517 1685 2566 amando

70 2577 266 2637 proximo
295 2577 367 2622 suo
380 2576 625 2625 admortem
639 2579 765 2640 usquc
775 2612 788 2630 ,
828 2577 964 2641 deque
977 2580 1194 2642 quaerenda
1208 2585 1292 2628 Dei
1304 2584 1434 2645 gloria
1445 2601 1488 2628 ac
1499 2584 1686 2631 fiinc'tita-

6 2691 8 2707 Ι
70 2651 113 2687 te
127 2674 140 2697 ,
163 2642 371 2691 obnoxius
381 2640 478 2699 ess‘e3
505 2648 657 2692 &cum
687 2643 798 2693 idem
810 2644 988 2693 sacerdos
999 2643 1074 2692 esse
1083 2645 1437 2708 deberet‚justitiae
1451 2652 1535 2696 Dei
1548 2649 1687 2696 osten-

6 2713 9 2794 i
51 2759 55 2762 ,
953 2764 955 2767 ⁴
996 2717 1110 2776 Ppp
1146 2728 1169 2759 τ.
1540 2714 1686 2764 dendae
