2357 3192
637 203 733 258 446
1009 195 1886 245 L1n.11.cA1›u·1-1X.

641 281 758 327 Talis
780 280 903 327 etiarn
915 281 1095 343 partium
1108 281 1319 345 oppositio
1333 282 1390 330 est
1403 302 1443 330 v.
1462 303 1478 331 Ι
1491 301 1525 343 5.
1552 286 1657 331 inter
1666 290 1791 331 unius
1803 279 2008 342 offenfhm,
2031 295 2114 342 qua
2135 281 2261 327 multi

639 342 836 393 dicuntur
858 353 1023 402 mortui,
1049 351 1091 392 δέ
1114 349 1222 394 inter
1242 350 1391 396 donum
1405 359 1560 416 grathe,
1584 348 1704 412 quod
1729 350 1876 411 pan'ter
1886 345 1944 393 est
1956 356 2078 393 unius
2089 346 2260 392 hominis

639 409 750 474 Jefiae
765 417 801 458 C
800 413 1040 476 hrssi‚quod
1048 412 1260 462 abundans
1272 415 1351 462 fuit
1352 420 1473 481 super
1483 419 1632 463 multos
1646 435 1656 462 t
1672 416 1745 461 ubi
1759 414 1984 474 utrobique
1996 412 2053 458 est
2077 414 2135 458 im
2140 426 2260 476 puta-

637 478 712 524 tio.
740 481 976 540 Pariterque
999 497 1041 526 v.
1061 497 1129 539 19.
1152 482 1225 527 ubi
1250 480 1371 529 fimili
1396 482 1529 529 modo
1552 501 1604 528 ex
1625 489 1748 529 unius
1759 488 1920 527 crimine
1932 481 2055 524 multi
2065 479 2260 525 dicuntur

638 550 695 588 rei
705 560 717 595 3
750 543 777 590 fi
782 559 851 591 cut
858 562 930 609 per
941 554 1063 592 unius
1074 547 1336 593 obedientiam
1343 550 1443 612 justi
1455 550 1752 610 constituuntur
1763 549 1899 593 multi.
1935 550 2012 591 Per
2024 548 2174 591 multos
2185 561 2260 591 au-

638 622 725 655 tem
750 613 854 665 illos,
878 613 953 673 qui
978 613 1101 658 unius
1125 630 1174 659 ex
1199 616 1368 660 crimine
1392 618 1545 661 crimen
1556 613 1721 664 habent,
1749 627 1856 675 patet
1869 612 2038 674 intelligi
2050 628 2193 657 omnes
2207 611 2259 658 ab
2274 632 2276 636 ’

636 674 809 722 Adamo
823 692 937 723 ortos
947 694 961 728 ⁴;
989 695 1085 724 cum
1101 677 1143 724 hi
1157 681 1277 726 multi
1291 697 1377 725 non
1389 695 1656 745 opponantur
1669 681 1751 726 aliis
1763 680 1903 724 multis
1917 713 1930 732 ‚
1956 679 2030 739 qui
2044 677 2094 723 ab
2106 676 2259 724 eodem

636 757 800 803 parente
823 746 907 789 orti
931 744 1104 792 insontes
1131 746 1392 792 remanserint
1407 782 1418 801 ,
1455 746 1521 792 sed
1535 745 1706 793 Adamo
1719 743 1791 809 ipsi
1806 746 1880 806 qui
1895 760 2000 790 unus
2011 743 2145 788 solum
2158 756 2256 790 erat.

636 810 728 854 Nec
741 808 799 854 est
811 807 930 870 quod
944 812 983 854 in
998 827 1040 856 ea
1054 827 1155 857 voce
1168 813 1334 859 latebras
1346 812 1554 859 adversarii
1568 827 1767 874 quaerant.

417 869 576 926 ¹7²p''f‘²'.
704 879 827 923 VIII.
863 877 980 921 Male
992 894 1089 940 ergo
1104 883 1310 942 Pelagiani
1325 877 1479 924 Adami
1493 893 1701 940 peccatum
1717 880 1737 923 ὲ
1752 877 1871 923 nobis
1883 878 2065 922 alienum
2080 876 2257 933 censent,

413 925 575 1022 ZZZ?
636 955 710 986 nec
724 943 810 986 ullo
824 941 958 987 modo
972 944 1165 1005 imputari
1180 941 1291 1007 posse
1303 943 1577 991 contendunt.
1613 949 1702 992 Nec
1715 944 1800 991 satis
1812 943 1922 990 recte
1936 943 2258 1003 Remonstrantes

416 1038 538 1075 negata
636 1022 808 1068 poenam
834 1007 948 1053 istius
960 1012 1109 1071 peccati
1122 1009 1172 1056 ad
1180 1009 1370 1093 posteros
1384 1010 1566 1063 transire,
1581 1028 1632 1060 ex
1645 1025 1799 1058 naturae
1814 1008 1934 1056 videl.
1949 1008 2140 1055 humanae
2153 1025 2257 1055 con-

414 1080 439 1118 ὰ
454 1081 603 1130 Pelagia-
635 1070 807 1127 ditione,
831 1092 925 1136 quae
948 1091 1060 1121 nunc
1083 1093 1203 1122 omni
1225 1078 1345 1122 bono
1368 1079 1505 1140 gratiae
1529 1094 1573 1123 ac
1595 1079 1734 1140 gloriae
1759 1077 1882 1122 veluti
1896 1075 2002 1122 veste
2014 1074 2165 1122 nudata
2178 1074 2255 1128 fit3

415 1138 465 1173 nis
488 1135 533 1179 ό·
547 1141 614 1172 Re·
635 1154 723 1184 non
737 1156 871 1187 autem
886 1140 1019 1204 ipsum
1036 1158 1258 1205 peccatum,
1267 1160 1400 1204 neque
1413 1142 1507 1189 ideo
1521 1160 1596 1192 nos
1608 1161 1695 1190 reos
1707 1160 1751 1189 ac
1762 1157 1990 1205 peccatores
2001 1158 2141 1187 coram
2155 1145 2255 1188 Deo

414 1191 606 1283 Z'Z'ff'm‘
637 1204 784 1261 statui,
808 1205 984 1253 docent:
1011 1207 1131 1269 quod
1157 1210 1290 1254 secum
1314 1211 1400 1272 ipso
1424 1223 1592 1272 pugnat.
1631 1212 1744 1256 Sicut
1770 1209 1792 1254 ὲ
1815 1224 1959 1257 con-tra
1984 1209 2062 1262 alii,
2090 1222 2137 1254 ut
2161 1221 2256 1255 ante

413 1260 560 1338 abacistis
637 1271 930 1319 Lombardum
945 1291 1125 1328 veteres,
1149 1277 1309 1321 &inter
1320 1279 1558 1322 recentiores
1570 1275 1772 1322 Albertns
1783 1274 2257 1342 nghius&Ambre›J“ms

414 1356 550 1408 affirm,
559 1354 618 1404 sed
638 1339 913 1395 Carbanum,
939 1355 1148 1405 peccatum
1175 1343 1370 1405 originale
1393 1341 1445 1388 ad
1468 1359 1545 1391 nos
1568 1341 1735 1389 transire
1750 1377 1762 1397 ,
1797 1340 1863 1387 sed
1877 1343 1986 1387 nulla
1997 1342 2135 1387 relieta
2146 1341 2249 1394 labe,

414 1410 584 1461 abnegata
636 1407 876 1460 voluerunt,
900 1407 1087 1468 nihilque
1109 1407 1220 1454 aliud
1241 1404 1317 1453 effe
1339 1425 1467 1470 quam
1492 1409 1618 1454 solam
1633 1407 2120 1455 Adamiinobedientiam
2135 1408 2257 1454 nobis
2324 1461 2326 1463 ‚

417 1466 560 1504 hominis
636 1473 898 1536 imputatam,
924 1491 997 1520 nec
1023 1476 1128 1519 ultra
1152 1476 1372 1537 integritati
1392 1473 1541 1522 nostrae
1566 1489 1796 1521 nocentem.
1841 1480 1950 1538 Qae
1976 1479 2019 1520 &
2044 1474 2147 1519 olim
2164 1478 2256 1522 Re-

412 1522 601 1626 {ZZZZT
637 1538 960 1587 monstrantium
984 1575 1000 1597 ‚
1046 1538 1151 1587 dum
1173 1555 1386 1605 peccatum
1409 1540 1513 1589 illud
1536 1540 1780 1589 videbantur
1800 1541 2015 1606 agnoscere
2038 1575 2051 1596 ‚
2097 1540 2255 1587 senten-

567 1601 580 1615 ⁹
637 1608 690 1652 tia
704 1606 796 1655 fuit.

417 1667 539 1715 Quare
551 1665 608 1703 di-
702 1676 777 1720 IX.
814 1675 1125 1724 Confideranda
1147 1694 1262 1741 ergo,
1285 1691 1430 1742 praeter
1452 1677 1774 1742 imputationem
1789 1711 1802 1732 ‚
1827 1676 1950 1723 etiam
1974 1674 2159 1722 inhaerens
2182 1690 2255 1722 na-

407 1721 602 1821 ἐΐῗζὶζὲ-
635 1752 737 1786 turae
751 1740 901 1788 nostrae
915 1745 1129 1807 corruptio
1144 1777 1155 1797 ‚
1191 1750 1233 1790 ὃ(
1247 1760 1367 1807 prava
1379 1745 1464 1791 lues
1475 1780 1488 1799 ‚
1517 1762 1611 1806 quae
1624 1758 1718 1790 tum
1730 1746 1773 1789 in
1788 1741 1958 1789 Adamo
1972 1777 1984 1797 ‚
2011 1756 2103 1788 tum
2118 1744 2160 1787 in
2174 1757 2254 1806 po-

411 1841 473 1867 tur
487 1832 556 1879 ejus
634 1804 744 1852 stetis
755 1807 840 1867 ejus
853 1808 1057 1855 remansit.
1097 1809 1234 1871 Qod
1257 1822 1456 1872 tanquam
1469 1812 1581 1857 virus
1592 1807 1809 1872 quoddam
1823 1808 1880 1855 est
1893 1843 1905 1862 ,
1930 1807 2049 1869 quod
2063 1808 2113 1853 ab
2125 1822 2252 1871 epoto

413 1888 594 1937 corruptio-
630 1889 808 1930 veneno,
831 1878 894 1920 vel
907 1875 1078 1939 depastis
1089 1878 1224 1922 noxiis
1234 1876 1405 1940 dapibus
1418 1912 1429 1931 ‚
1444 1879 1484 1922 in
1500 1875 1731 1940 praecordiis
1742 1875 1880 1938 postea
1891 1873 2053 1921 desaevit
2065 1907 2076 1928 ‚
2111 1872 2253 1920 horni-

407 1943 465 1978 nis
627 1955 809 2000 nemque
832 1944 1008 2005 perimit.
1043 1942 1178 2001 Cujus
1201 1945 1470 2005 permanentis
1494 1960 1614 1989 noxae
1643 1961 1677 1988 1.
1692 1941 1963 1994 existentiam,
1993 1957 2030 1986 2.
2045 1954 2250 1995 naturam,

626 2023 665 2068 3.
690 2009 1029 2070 propagationem
1065 2009 1329 2055 lustrabimus
1354 2028 1364 2054 ε
1391 2024 1592 2071 quatenus
1626 2023 1773 2071 nempe
1796 2011 1839 2054 in
1864 2008 2139 2070 privationem
2162 2004 2252 2053 haec

630 2075 773 2118 omnia
786 2073 924 2119 cadere
936 2071 1116 2138 possunt.

409 2128 599 2193 existentia?
696 2141 751 2185 X.
786 2139 1058 2186 Existentiam
1072 2141 1157 2201 ejus
1168 2155 1259 2188 tum
1274 2148 1496 2206 Scriptura,
1508 2156 1602 2188 turn
1614 2148 1732 2195 ratio,
1745 2154 1837 2186 tum
1851 2138 2030 2200 denique
2041 2147 2249 2202 experien-

410 2197 477 2278 ΞΖ
498 2185 608 2234 ‘'ffm‘
630 2212 703 2259 tia,
729 2206 892 2268 ipseque
915 2208 1045 2253 sensus
1068 2224 1112 2252 ac
1124 2210 1355 2267 conscientia
1370 2208 1507 2255 nostra
1522 2207 1733 2254 testantur.
1771 2209 1840 2253 Ut
1853 2208 2250 2267 omniargumento-

630 2288 724 2316 rum
749 2289 893 2333 genere
909 2272 1003 2319 ‘haec
1026 2275 1197 2329 veritas,
1232 2291 1327 2335 quae
1352 2276 1457 2323 inter
1479 2272 1730 2321 Christianus
1752 2273 1935 2319 veritates
1946 2274 2047 2317 tanti
2060 2269 2252 2335 ponderis

632 2336 705 2391 est,
718 2336 956 2384 confirmari
972 2338 1109 2403 poffrt.

409 2418 452 2469 εξ
465 2406 615 2453 scriptu-
699 2407 777 2450 XI.
811 2408 878 2451 Ac
890 2407 1093 2468 Scriptura
1106 2404 1279 2467 quidem
1290 2405 1435 2453 illustri
1448 2407 1556 2458 loco,
1573 2407 1732 2452 Germ:
1742 2420 1776 2464 5.
1791 2406 1901 2450 Vzdit
1912 2410 2028 2450 Dens
2039 2405 2250 2467 quodpln-

412 2473 455 2497 Μ
633 2478 739 2516 riona
752 2471 838 2531 effi't
850 2475 1011 2517 malitia
1023 2473 1206 2526 hominis,
1226 2480 1268 2517 in
1282 2488 1406 2527 terra,
1431 2479 1480 2526 (Ἀφ’
1493 2490 1607 2518 omne
1611 2472 1855 2534 figmentum
1866 2478 2149 2533 cogitationum
2163 2488 2250 2516 cor·

630 2539 692 2583 dis
715 2540 803 2599 ejus
827 2552 993 2583 tantum
1017 2542 1176 2584 malum
1200 2537 1287 2600 effit
1307 2546 1413 2585 omni
1425 2540 1501 2585 die.
1526 2539 1696 2584 &Gen.
1712 2539 1752 2583 8:
1771 2554 1835 2582 21.
1873 2540 1988 2600 Qa
1999 2537 2249 2599 figmentum

632 2605 757 2649 cordis
780 2604 948 2649 hominis
972 2608 1131 2651 malum
1154 2602 1181 2649 lz
1194 2612 1373 2668 pueritia
1395 2608 1498 2668 ejus.
1532 2605 1732 2650 Occurrit
1754 2605 1866 2648 enim
1880 2601 2248 2661 iislocisjudicium

628 2671 742 2734 tpstns
764 2674 844 2717 Dei
866 2669 917 2718 de
939 2686 1064 2735 opere
1081 2670 1187 2728 ''suo‚
1221 2669 1289 2719 ‘sed
1312 2684 1510 2735 corrupto
1536 2676 1578 2717 ὃ(
1602 2667 1762 2716 foedato
1790 2689 1799 2715 z
1825 2668 1987 2732 optime
2011 2683 2148 2715 autem
2173 2684 2251 2731 po-

2173 2732 2251 2780 test
