2435 3212
690 201 773 262 438
1028 201 1745 246 L1ss.11.CA1›u-r
1812 197 2062 246 VI11.·

617 281 621 284 ”
689 282 782 327 &tus
806 279 993 342 agricolae
1007 281 1115 326 votis
1128 295 1215 325 non
1229 278 1444 342 respondet
1463 314 1476 335 ‚
1516 297 1560 326 ac
1583 281 1689 326 inter
1713 279 1881 324 nitentia
1892 278 1999 323 culta
2013 276 2157 325 infelix
2171 278 2320 328 lolium

481 962 495 996 3
527 957 619 989 Mors

471 1019 603 1046 aterna.

688 351 731 393 δεῖ
757 347 905 394 steriles
926 345 1201 393 dominantur
1224 362 1373 393 avenae.
1415 344 1553 407 Qod
1565 346 1701 393 {altem
1715 360 1830 393 antea
1843 346 1984 390 locum
1998 361 2085 391 non
2100 343 2312 402 habuisset,

689 430 786 460 cum
800 410 972 475 quidem
987 413 1105 476 spinis
1118 431 1161 460 ac
1173 413 1350 459 sentibus
1361 427 1464 459 terra
1479 412 1572 459 alibi
1585 409 1951 467 inhorruiffet,non
1965 411 2316 460 autemParadisus

686 486 730 526 δε
743 481 832 526 loca
844 480 966 535 culta,
980 496 1024 525 ac
1046 481 1090 525 in
1103 480 1239 544 fruges
1251 496 1295 526 ac
1306 477 1446 527 herbas
1459 481 1522 526 vel
1534 493 1688 526 naturae
1710 480 1891 542 ingenim
1916 479 1981 524 vel
1995 477 2175 526 humana
2188 496 2316 527 manu

687 545 973 592 mansuefaffih.
1022 548 1164 593 Altera
1186 545 1270 606 ejus
1293 562 1417 610 poena
1441 581 1453 602 ‚
1478 545 1545 593 sed
1569 563 1664 608 quae
1690 546 1904 591 mulierem
1931 556 2109 601 ἀναλόγως
2140 563 2317 608 quoque

687 613 929 676 tangit,vitae
944 611 1066 672 hujus
1077 615 1238 660 exitum
1251 612 1401 676 spthat
1417 632 1427 659 ε
1441 614 1560 660 donec
1573 620 1790 659 revertaris
1801 619 1842 657 in
1857 627 2024 663 terram,
2042 612 2146 658 unde
2158 613 2315 672 desum-

688 694 755 726 tus
767 697 805 725 es
821 698 830 724 ε
845 697 943 725 nam
951 683 1090 743 pulvis
1101 698 1154 734 es,
1169 685 1217 733 (ῥ’
1229 687 1271 725 in
1278 682 1491 744 pulverem
1504 686 1732 732 reverteris,
1747 696 1787 724 v.
1808 696 1872 735 19.
1906 678 2001 724 Ubi
2026 694 2138 724 mors
2163 696 2314 743 corpo-

685 747 775 791 ralis
798 746 852 791 ita
876 747 970 792 vitae
996 744 1119 807 hujus
1141 748 1312 810 ponitur
1335 749 1549 801 terminus,
1573 742 1978 808 ut&ipsapoenas1t,
2008 759 2100 792 tum
2115 748 2311 793 omniurn

686 810 940 866 hominum,
964 826 1057 858 tum
1082 815 1282 876 praecipue
1304 814 1534 876 impiorum
1558 812 1763 875 respeeim,
1801 811 1952 873 quibus
1973 812 2039 857 illa
2068 813 2310 876 graviorum

685 894 908 942 poenarum
922 880 1089 925 initium
1103 878 1175 925 est.

749 948 866 991 XIX.
902 943 980 991 Sed
1004 951 1044 992 &
1069 943 1218 993 eodem
1242 960 1445 1009 tempore,
1471 962 1561 1007 quo
1586 945 1781 1006 peccavit,
1805 943 1935 991 factus
1960 956 2137 1006 quoque
2148 944 2208 992 est
2220 963 2310 993 reus

681 1019 821 1057 mortis
833 1027 976 1057 aeternae
989 1046 1000 1066 ,
1036 1026 1236 1073 quatenus
1248 1013 1412 1075 separari
1425 1014 1576 1058 meruit
1587 1013 1608 1057 ὲ
1621 1012 1788 1057 summo
1814 1011 1932 1057 bono
1956 1010 2030 1056 suo
2045 1045 2057 1065 ,
2093 1012 2136 1056 in
2151 1030 2240 1073 quo
2255 1030 2310 1059 ae-

681 1092 793 1123 terna
804 1077 1100 1140 ipfiusfelicitas
1111 1077 1378 1130 consistebat,
1406 1078 1536 1124 faetus
1560 1087 1754 1130 ὼέώκεῷυ,
1782 1082 1825 1123 &
1859 1090 1935 1129 ὑπὸ
1964 1085 2107 1137 melam
2138 1078 2309 1141 positus,

682 1147 819 1191 Rom.
839 1162 874 1206 3:
896 1163 961 1202 19.
976 1146 1074 1192 Gal.
1091 1162 1126 1206 3:
1147 1162 1213 1191 10.
1242 1147 1366 1191 Mors
1378 1147 1489 1190 enim
1503 1145 1729 1207 spiritualis,
1754 1161 1883 1206 quam
1897 1163 2002 1192 mox
2015 1147 2037 1191 ὲ
2049 1146 2158 1208 lapsu
2171 1145 2308 1202 subiit,

681 1211 732 1256 ab
744 1211 893 1257 aeternzi
906 1227 993 1256 non
1005 1209 1145 1258 differt
1158 1246 1169 1266 ‚
1205 1228 1303 1257 cum
1314 1211 1394 1274 ipsa
1406 1211 1474 1257 sua
1487 1212 1631 1257 natura
1643 1226 1792 1258 aeterna
1805 1210 1853 1258 sit
1868 1231 1878 1257 ε
1906 1211 2049 1274 estque
2061 1227 2177 1258 mors
2190 1226 2309 1260 aeter-

679 1292 733 1322 na
757 1275 859 1323 nihil
881 1277 993 1324 aliud
1017 1295 1146 1339 quam
1168 1278 1379 1341 spiritualis
1401 1279 1507 1324 illius
1522 1280 1665 1326 mortis
1676 1280 1718 1324 in
1732 1277 1895 1324 inferno
1906 1280 2179 1332 continuatio,
2206 1295 2304 1326 cum

685 1344 927 1390 cruciatibus
939 1350 981 1391 δε
994 1346 1128 1407 poenis
1139 1345 1491 1391 convenientibus.

472 1401 571 1452 Cujus
593 1416 669 1441 rea·
753 1413 846 1456 XX.
887 1414 954 1457 Ac
977 1410 1144 1458 duobus
1166 1413 1348 1457 maxime
1359 1412 1608 1473 argumentis
1619 1412 1684 1456 ille
1696 1411 1841 1457 mortis
1852 1424 2011 1459 aeternae
2028 1425 2159 1458 reatus
2171 1413 2213 1458 in
2227 1410 2308 1458 ho-

471 1470 527 1496 rus
549 1461 667 1497 mani-

466 1513 659 1563 ftstabatur

421 1598 423 1600 -
472 1582 549 1607 cum
569 1584 645 1609 con*

467 1626 605 1670 scientia

472 1679 617 1722 horrore,

684 1477 795 1521 mine
807 1476 843 1521 se
855 1475 1097 1524 ostendebat
1112 1497 1121 1522 ε
1138 1494 1236 1523 cum
1250 1476 1424 1524 horrore
1436 1478 1784 1532 illaconscientiae,
1800 1495 1890 1539 quo
1903 1476 2054 1533 homo,
2071 1478 2172 1524 servi
2185 1477 2309 1525 instar

685 1541 864 1606 fugitivi,
888 1544 910 1588 a
933 1547 1045 1595 Deo,
1070 1558 1157 1604 πιςῷ
1181 1553 1273 1608 κός-ῃ
1290 1545 1408 1606 fideli
1420 1560 1705 1605 creatore‚quo
1718 1561 1815 1590 cum
1832 1558 1946 1591 antea
1960 1559 2046 1591 tam
2058 1544 2310 1592 familiariter

689 1613 731 1654 δε
744 1624 828 1655 tam
841 1607 1025 1667 jucunde
1034 1625 1170 1673 egerat
1184 1646 1197 1666 ‚
1223 1614 1265 1656 in
1291 1612 1433 1672 aliquo
1456 1607 1570 1656 horti
1594 1607 1736 1656 secessu
1749 1610 1785 1656 se
1797 1610 2066 1658 abscondebat
2079 1645 2093 1666 ‚
2116 1610 2168 1658 ad
2179 1628 2308 1660 omne

685 1673 938 1723 adventantis
950 1676 1035 1735 ejus
1048 1672 1242 1724 murmur
1254 1680 1435 1740 pavitans
1446 1681 1489 1723 &
1499 1675 1693 1740 trepidus.
1731 1676 1880 1725 Refert
1891 1679 2002 1723 enim
2017 1679 2173 1733 Moses,
2189 1680 2309 1725 audi-

680 1742 774 1803 visse
797 1742 902 1805 ipsos
923 1761 1062 1790 vocem
1084 1744 1256 1807 Jehovae
1278 1749 1362 1790 Dei
1381 1752 1554 1789 itantem
1563 1760 1633 1808 per
1644 1745 1807 1790 hortum
1818 1744 1944 1808 ipsum
1955 1745 2195 1791 adventum
2206 1748 2308 1791 illius

683 1809 759 1853 diei
776 1827 784 1852 :
812 1813 852 1854 δέ
879 1807 975 1854 inde
999 1809 1227 1872 abscondisse
1244 1811 1285 1868 se
1298 1812 1541 1867 eAdamum
1557 1817 1604 1864 ὠ·
1616 1828 1783 1857 uxorem
1795 1813 1879 1871 ejm
1894 1809 1919 1854 bt
1920 1812 2032 1870 facie
2043 1811 2216 1874 Johovae
2229 1817 2310 1859 Dei

682 1881 724 1918 in
737 1877 864 1921 medio
878 1875 1071 1922 arborum
1084 1880 1185 1922 illius
1198 1879 1315 1923 horti.
1345 1881 1602 1923 Inclamante
1625 1891 1763 1924 autem
1776 1875 1947 1939 Jehova
1962 1882 2050 1923 Deo
2063 1879 2302 1931 Adamum,

684 1943 726 1984 &
741 1938 913 1995 dicente,
937 1941 1007 1987 ubi
1028 1961 1066 1989 es
1081 1944 1095 1988 ἓ
1121 1944 1240 1988 illum
1254 1940 1410 1997 dixiffe,
1423 1961 1560 1989 vocem
1572 1958 1688 1989 tuam
1700 1942 1914 1988 (indreham
1925 1950 1965 1988 in
1979 1943 2049 1990 hoc
2062 1945 2174 1990 horto
2190 1963 2200 1991 :
2228 1960 2309 1991 tre-

469 2027 667 2075 tumexpul-
684 2014 785 2061 mni,
798 2026 839 2052 eo
852 2009 961 2070 qnod
971 2010 1105 2055 nudus
1106 2011 1200 2067 sim,
1216 2016 1263 2062 (ῤ’
1275 2009 1457 2068 abscondi
1468 2028 1544 2055 me.
1581 2011 1693 2055 Gen.
1709 2026 1743 2070 3:
1761 2009 1802 2063 8,
1816 2027 1861 2067 9,
1881 2025 1946 2055 10.
1981 2023 2074 2055 tum
2098 2012 2245 2057 affiiuali
2257 2028 2308 2057 ex

470 2081 556 2128 lione
571 2097 611 2121 ex

467 2139 644 2186 Paradzst,

465 2282 613 2310 narrata
625 2269 648 2309 a·

467 2325 573 2372 Mose,

468 2377 610 2431 Gen.3
627 2391 635 2418 :

470 2444 610 2487 ²²²²3²

464 2497 529 2540 24-

684 2072 872 2119 Paradiso
895 2073 1161 2135 expulsione,
1197 2081 1239 2121 &
1265 2076 1315 2121 ab
1338 2077 1481 2121 arbore
1503 2077 1587 2138 vite
1610 2074 1841 2121 exclusione
1863 2109 1876 2129 ,
1905 2093 1998 2136 quae
2024 2078 2116 2122 vitt
2135 2076 2308 2124 coelestis

683 2138 874 2201 symbola
887 2157 930 2185 ac
942 2139 1106 2187 foederis
1118 2143 1291 2205 pignora
1301 2156 1413 2188 erant
1426 2158 1438 2194 ;
1456 2159 1549 2202 quae
1562 2159 1661 2188 cum
1673 2145 1789 2187 Deus
1801 2139 1965 2186 homini
1978 2144 2145 2205 eriperet
2159 2179 2171 2199 ‚
2199 2143 2305 2206 quid

683 2204 757 2251 nifi
772 2219 944 2268 ruptum
957 2206 1097 2253 foedus
1111 2242 1122 2258 ,
1159 2226 1203 2254 ac
1216 2209 1337 2254 bonis
1349 2208 1433 2267 ejus
1449 2213 1490 2253 δε
1509 2206 1862 2253 benedictionibus
1875 2209 2074 2255 omnibus
2085 2208 2304 2257 hominem

680 2269 902 2334 indignum
927 2289 972 2318 ac
995 2288 1169 2320 exutum
1194 2273 1444 2322 testabatur}
1481 2275 1594 2321 Gen.
1610 2290 1644 2335 3:
1662 2290 1728 2325 22,
1749 2289 1812 2334 23,
1830 2289 1900 2334 24.
1935 2275 1992 2319 Et
2014 2275 2304 2339 dt‘xitJehova

679 2342 808 2393 Deus,
831 2342 934 2384 Ecce
957 2339 1070 2385 homo
1083 2341 1135 2401 cst
1145 2343 1255 2401 ficut
1267 2359 1374 2387 unus
1396 2357 1449 2387 ex
1473 2340 1595 2395 nobis,
1622 2338 1870 2407 cognoftendo
1885 2340 2032 2386 bonnm
2051 2349 2098 2395 &2
2112 2347 2273 2389 malum
2287 2348 2304 2388 Ι

678 2421 786 2449 nunc
809 2411 948 2470 egitur,
971 2425 1021 2451 ne
1043 2408 1259 2453 extendens
1280 2409 1593 2465 manumsuam
1616 2413 1782 2468 accipiat
1807 2413 1930 2451 etiam
1943 2408 1991 2453 de
1995 2409 2140 2467 frmS'z‘n
2155 2409 2306 2456 arboris

677 2478 789 2521 vitae,
823 2477 872 2524 ὠ
896 2474 1074 2519 comedat
1097 2475 1334 2520 visturusin
1349 2473 1552 2532 fiet-ulum.
1597 2474 1739 2532 Emfit
1752 2480 1891 2535 itaque
1902 2492 1993 2519 eum
2006 2475 2178 2538 Jehova
2191 2482 2307 2523 Deus

676 2554 728 2581 ex
754 2536 865 2582 horto
889 2540 1038 2585 Edem‘s
1061 2542 1120 2587 ad
1140 2541 1343 2586 colendam
1369 2555 1523 2586 terram
1547 2556 1596 2586 ex
1620 2557 1703 2602 qua
1713 2537 1917 2596 desumtus
1933 2557 2034 2587 erat.
2076 2546 2304 2607 Qumque

673 2603 876 2665 expulzfflec
904 2603 1129 2661 hominem,
1170 2606 1340 2667 instituit
1364 2604 1390 2651 ἰι
1408 2620 1527 2670 parte
1553 2612 1743 2651 anteriori
1768 2604 2033 2653 hortiEa'ems
2048 2608 2304 2664 Cherubinos,

661 2668 971 2733 flammamque
977 2674 1108 2736 gladii
1113 2672 1193 2733 sese
1205 2672 1422 2729 vibrantis,
1438 2671 1491 2720 ad
1504 2671 1795 2734 custodiendum
1809 2678 1922 2718 viam
1937 2705 1951 2728 ‚
1984 2675 2235 2736 quaeferebaet
2251 2675 2309 2721 ad

673 2734 858 2782 arborem
872 2744 977 2784 vite.
2056 2744 2172 2789 XXI.
2196 2748 2307 2804 Qae
