2419 3132
417 200 877 245 DE.LA·1›su
946 195 1395 249 HOM1.N1⁷s.
1676 215 1762 262 423·

130 281 264 327 nullos
286 279 415 325 carnis
423 276 615 324 stimulos
627 279 799 331 senserit,
818 291 944 340 atque
957 277 1003 323 ea
1017 276 1209 324 molesti&
1220 277 1408 332 caruerit,
1441 275 1604 323 aliunde
1618 289 1758 324 tamen

123 347 311 393 laborem
323 342 695 406 difficultatemque
707 342 852 391 habuit
864 361 876 395 ;
891 342 1076 406 cum-ipfi
1090 359 1239 406 magna
1250 359 1347 389 cura
1367 359 1412 388 ac
1425 343 1759 406 circumspeffio-

128 429 182 459 ne
202 426 311 476 opus
329 410 451 456 fuerit
474 410 524 457 ad
548 412 770 474 imaginem
784 412 868 456 Dei
879 411 1085 472 integram
1095 406 1332 455 servandam
1348 443 1360 461 ‚
1375 425 1427 454 ne
1437 424 1480 454 ea
1494 424 1661 472 peccato
1675 409 1757 457 foe-

130 476 294 525 daretur
317 513 329 530 ,
369 476 486 534 cujus
518 477 687 537 laqueos
713 475 900 538 undiqffl
922 476 1061 522 tensos
1081 474 1257 522 videbat.
1299 481 1407 535 Qo
1421 476 1463 520 in
1475 475 1618 522 labore
1633 490 1758 538 atque

131 546 243 608 vigili
255 561 349 590 cura
361 543 622 606 ipsiusomne
635 558 842 589 certamen
852 542 1067 597 constitit,
1099 540 1195 605 post
1207 539 1328 605 quod
1350 542 1606 588 exantlatum
1634 559 1760 589 coro-

131 610 289 671 nandus
301 624 423 671 atque
437 624 640 656 aeternum
659 608 840 655 beandus
853 605 998 655 fuisset.

197 681 358 725 XXIII.
393 680 510 722 Cum
523 692 620 737 ergo
635 677 745 721 nulla
759 675 1083 738 concupiscentia
1094 675 1369 737 impelleretur
1382 672 1534 729 homo,
1548 676 1653 736 quin
1667 676 1759 722 imo

133 745 296 793 sanetus.
313 759 357 789 ac
381 744 535 805 integer
556 741 678 796 foret,
703 741 784 787 labi
796 755 935 788 tamen
950 743 1105 804 potuit,
1118 758 1163 787 ac
1174 741 1302 804 lapsus
1314 738 1488 801 est,quia
1497 741 1679 788 libertate
1690 741 1759 789 sua

134 812 262 864 abuti,
275 808 411 870 deque
423 808 609 855 felicitate
622 808 688 853 sua
702 807 886 854 excidere
898 821 1072 871 poterat.

198 880 359 924 XXIV.
393 873 604 922 Conditus
617 890 754 920 autem
768 888 852 920 erat
863 873 999 920 homo
1012 891 1111 920 cum
1124 875 1286 920 summa
1310 873 1498 920 libertate
1507 910 1526 927 ,
1560 891 1658 936 quae
1667 890 1756 921 non

1777 874 1822 921 ὁ*
1837 874 1977 916 liberta-

134 944 267 991 solum
293 945 338 988 in
359 943 651 1006 spontaneitate
674 958 718 987 ac
742 942 869 986 animi
892 941 1072 986 lubentia
1086 974 1098 994 ‚
1136 957 1287 986 verum
1314 941 1436 986 etiam
1451 943 1698 1004 plerumque
1712 944 1755 987 in
1773 933 1918 972 'imam
1931 940 1959 986 35

132 1008 404 1058 indifferentia
428 1007 479 1054 ad
501 1018 683 1068 dvro‘wgqv,
723 1006 848 1053 instar
859 1008 1024 1054 bilancis
1036 1009 1078 1052 in
1091 1008 1326 1069 aequilibrio
1338 1005 1760 1070 pendentis,collocari

132 1077 244 1125 solet.
269 1074 404 1139 Qod
415 1076 524 1122 redte
536 1072 852 1138 intelligendum
864 1072 936 1120 est.

198 1148 335 1192 XXV.
370 1139 650 1189 Indifferentia
673 1142 784 1186 enim
809 1139 896 1187 haec
921 1143 965 1186 in
991 1140 1180 1197 homine,
1193 1143 1257 1187 vel
1271 1141 1323 1188 ad
1325 1143 1601 1202 facultatem,
1628 1145 1693 1189 veI
1705 1139 1755 1188 ad

1777 1142 1951 1192 Quomodo

131 1213 269 1259 astum
281 1209 415 1257 referri
429 1208 577 1273 potest.
610 1206 1118 1266 Facultatisindifferentia
1142 1210 1261 1255 omni
1283 1210 1413 1254 libero
1428 1209 1596 1255 arbitrio
1607 1211 1756 1255 intrin-
1765 1200 1954 1262 secundnm

134 1279 216 1324 seca
227 1276 283 1324 est
296 1313 309 1329 ‚
346 1278 473 1337 inque
484 1293 534 1322 eo
546 1275 659 1322 consi
664 1274 710 1321 sti
715 1291 733 1322 t
747 1310 758 1329 ,
768 1274 893 1336 quod
905 1277 961 1321 ita
974 1275 1136 1337 aliquid
1146 1276 1446 1338 amplectamur
1458 1277 1524 1321 vel
1534 1276 1755 1351 fugiamus,

1787 1256 1867 1291 llam
1881 1257 1916 1292 in
1922 1275 1938 1284 ⁴

1774 1268 1786 1290 l

1775 1311 1933 1360 differens

134 1360 183 1392 ut
207 1346 229 1390 Ξι
255 1344 364 1389 nulla
377 1345 417 1390 vi
431 1357 594 1390 externa
608 1359 686 1388 nos
697 1344 854 1405 impelli
865 1343 1097 1389 sentiamus.
1135 1344 1296 1388 Arsiam
1309 1356 1448 1389 autem
1461 1343 1596 1404 ipsum
1608 1358 1651 1387 m
1665 1358 1756 1405 par·
1770 1366 1876 1415 fuerit
1888 1367 1908 1403 ᾖ

133 1413 289 1458 ticulari
313 1408 432 1472 quod
445 1409 594 1473 spectat
607 1445 620 1464 ‚
657 1408 778 1470 quod
793 1411 982 1455 voluntas
995 1411 1097 1454 circa
1109 1410 1229 1454 illum
1242 1406 1478 1454 indifferens
1489 1426 1533 1454 ac
1546 1407 1671 1455 dubia
1683 1408 1760 1465 est,

126 1493 184 1524 ex
205 1476 512 1540 imperfeffione
524 1494 568 1523 ac
581 1477 833 1537 cognitionis
857 1474 1019 1536 defectu
1032 1477 1167 1521 oritur
1177 1512 1190 1527 ‚
1222 1479 1265 1520 &
1278 1475 1471 1521 libertatis
1484 1474 1655 1522 infimus
1666 1488 1758 1522 tan-

123 1559 227 1591 ·tum
247 1543 394 1608 gradus
416 1543 488 1590 est.-
521 1545 562 1590 Si
587 1545 698 1588 enim
723 1557 903 1589 creatura
913 1544 1119 1588 rationalis
1130 1542 1284 1606 semper
1295 1541 1399 1602 quid
1413 1559 1558 1588 verum
1571 1544 1759 1589 bonum-

138 1629 219 1674 que
243 1609 292 1658 fit
316 1609 494 1665 videret,
530 1609 698 1656 &istius
710 1605 1000 1671 rqboriseffet,
1016 1623 1063 1655 ut
1076 1609 1368 1656 bonofortiter
1381 1607 1621 1662 adhaereret„
1647 1626 1758 1657 nun-

131 1695 265 1741 quam
277 1676 382 1739 quid
391 1676 625 1740 eligendum
636 1676 979 1738 sequendumque
991 1676 1098 1722 foret
1110 1677 1347 1738 ambigeret,
1373 1690 1497 1737 atque
1509 1678 1577 1731 ita,
1605 1693 1758 1739 quam-

136 1747 200 1793 vis
213 1745 347 1798 libera,
371 1760 588 1805 nunquam
602 1757 739 1789 tamen
754 1740 988 1789 indifferens
1002 1742 1120 1788 foret.
1154 1745 1319 1788 Primus
1331 1756 1469 1788 autem
1483 1740 1632 1797 homo,
1658 1759 1762 1790 cum

137 1824 289 1860 creatus
315 1809 419 1856 foret
441 1827 538 1857 cum
562 1811 674 1856 bona
686 1812 900 1856 voluntate
913 1826 957 1855 ac
968 1811 1146 1871 imagine
1158 1811 1257 1865 Dei,
1281 1814 1323 1855 δε
1337 1806 1581 1855 sufficienter
1592 1809 1760 1857 bonum

134 1895 180 1925 ac
192 1879 348 1923 malum
361 1879 722 1940 cognosceret,non
736 1875 787 1923 ad
799 1891 1028 1937 utrumque
1041 1873 1292 1929 indifferens,
1301 1874 1369 1922 {ed
1381 1874 1431 1920 ad
1442 1876 1607 1923 bonurn
1620 1878 1761 1939 potius

136 1959 250 2009 aptus
272 1962 315 1991 ac
338 1943 630 1991 determinatus
641 1959 737 1990 erat.
772 1947 864 1990 Nec
877 1945 1004 1997 actus,
1028 1941 1093 1989 fied
1106 1942 1304 1991 facultatis
1316 1939 1589 1989 indifferentia
1601 1942 1668 1988 isti
1680 1941 1760 1989 sta-

137 2015 197 2058 tui
211 2012 373 2074 propria
389 2026 485 2058 erat.
508 2015 694 2072 Eratque
706 2009 791 2069 ejus
803 2010 964 2055 libertas
973 2008 1076 2055 nihil
1091 2007 1215 2065 aliud,
1223 2026 1351 2071 quam
1366 2010 1474 2057 recta
1487 2012 1585 2056 Deo
1600 2011 1762 2074 placen-

135 2077 192 2134 di,
207 2082 248 2123 &
263 2078 379 2123 bono
392 2077 465 2123 fuo
477 2071 928 2135 inmmxpffabiliter
939 2075 1173 2123 adhaerendi
1186 2078 1394 2122 voluntas.

198 2148 358 2191 XXVI.
392 2144 481 2191 Etsl
505 2161 603 2189 vero
626 2144 727 2189 liber
750 2144 979 2204 sanctisque
1001 2142 1170 2190 dotibus
1193 2143 1417 2189 instructus
1430 2177 1441 2195 ,
1461 2146 1503 2201 δε
1529 2141 1581 2189 ad
1592 2143 1756 2190 bonum

135 2213 303 2258 naturali
316 2209 502 2257 facultate
514 2224 631 2273 aptus
646 2210 887 2273 paratusque
899 2206 994 2256 esset
1005 2244 1019 2263 ,
1053 2210 1132 2255 labi
1144 2208 1417 2256 nihilominus
1433 2208 1568 2256 homo
1581 2225 1757 2272 poterat,

129 2275 232 2340 ⁴quia
255 2277 487 2332 mutabilis,
517 2282 560 2322 δε
583 2275 762 2322 necdum
786 2278 831 2321 in
854 2278 974 2323 bono
999 2275 1275 2322 confirmatus
1295 2290 1392 2322 erat.
1430 2282 1542 2337 Qlae
1565 2278 1760 2325 libertatis

135 2342 339 2406 quaedam*
349 2343 607 2406 imperfectio
633 2359 682 2389 ex
707 2357 898 2389 creaturae
923 2352 1054 2406 έδενείᾳ
1080 2342 1413 2407 proficiscebatur.
1436 2376 1449 2397 ,
1474 2360 1568 2404 quae
1594 2359 1644 2388 eo
1669 2345 1758 2407 ipso

137 2408 256 2472 quod
280 2424 456 2457 creatura
479 2409 553 2465 est,
579 2423 706 2470 atque
726 2427 778 2455 ex
791 2409 923 2455 nihilo
937 2410 1158 2474 producta,
1172 2426 1261 2456 non
1273 2426 1448 2455 omnem
1461 2408 1757 2472 perfectionem

133 2474 457 2539 comprehendit.
493 2480 646 2538 Neque
657 2478 700 2521 in
712 2493 763 2521 eo
775 2478 904 2539 magis
914 2476 1156 2523 accusandus
1166 2475 1225 2522 est
1240 2480 1374 2531 Deus,
1398 2474 1518 2537 quod
1532 2490 1756 2523 creaturam

134 2559 222 2589 non
247 2544 365 2588 omni
377 2541 511 2589 modo
523 2539 854 2606 perfectissimam
867 2542 1113 2598 condiderit,
1130 2559 1256 2604 quam
1273 2541 1393 2604 quod
1405 2559 1495 2588 eam
1510 2545 1653 2588 Deum
1668 2561 1757 2590 non

123 2609 280 2655 fecerit.
308 2608 490 2655 Ostendi
503 2611 612 2655 enim
629 2607 843 2655 discrimen
858 2609 1030 2670 aliquod
1049 2609 1224 2657 debebat
1238 2611 1341 2655 inter
1353 2623 1577 2656 creatorem
1592 2626 1636 2654 ac
1649 2627 1758 2657 creas

132 2690 283 2723 turam.
316 2679 470 2738 Neque
490 2675 704 2724 tenebatur
725 2672 960 2732 hominem,
983 2693 1093 2725 mox
1105 2691 1153 2726 ut
1164 2690 1317 2725 creatus
1328 2690 1436 2733 erat,
1471 2677 1516 2724 in
1527 2677 1643 2722 bono
1657 2693 1760 2722 con„

1578 2740 1762 2799 firmare,

1780 2164 1843 2191 aut
1852 2156 1963 2206 potius

1777 2209 1968 2250 mutabilis.
