2367 3142
408 189 482 234 DE
523 189 787 241 spowsmwn
823 186 1054 232 pommus
1089 199 1314 248 GRAT¹AE·.
1610 203 1694 249 491

94 312 97 316 ,
140 268 262 314 VIII.
288 265 574 326 Subjeffioilla
589 265 809 314 Christiab
823 264 1036 329 Apostolo
1049 263 1385 328 Pl1i1.2:5‚7‚8.in
1398 263 1562 313 duobus
1576 271 1698 330 poni-

71 347 161 380 tur:
193 352 227 380 1.
242 336 283 380 in
295 335 437 397 gloriae
452 335 529 381 suae
546 334 775 393 abjee‘tione
788 334 849 378 vel
862 333 1153 384 occultatione,
1189 336 1232 377 δε
1246 330 1453 396 profunda
1464 334 1529 378 illa
1542 333 1696 380 suiexz‘-

74 407 272 451 nanitione
284 436 297 457 ,
324 416 421 461 qua,
437 418 549 455 cum,
566 415 611 447 ut
623 402 741 451 olim,
767 399 966 462 gloriosus
978 400 1018 444 in
1031 401 1144 446 terris
1156 415 1354 461 apparere,
1367 403 1408 444 &
1422 401 1567 444 Deum
1581 398 1694 447 fateri

74 463 285 531 potuisset,
332 465 581 513 dissimulata
614 465 832 525 majestate,
857 483 900 511 ac
927 466 1024 510 servi
1046 467 1088 510 in
1112 464 1293 511 formam
1316 463 1572 527 compositus
1601 499 1614 520 ‚
1649 468 1692 511 in

73 533 184 583 terris
205 535 300 597 egit.
337 550 374 579 2.
403 536 445 578 in
459 534 553 596 legis
565 531 799 579 obedientia
812 533 939 592 usque
952 530 1002 577 ad
1016 546 1196 577 mortem
1209 532 1352 577 crucis.
1390 535 1490 594 Qi,
1503 549 1596 578 cum
1609 532 1693 593 efflet

91 619 115 646 n
118 602 256 662 forma
269 605 361 654 Dei,
371 619 446 644 non
459 616 621 663 mptum
633 601 752 646 duxit
767 598 831 659 effi’
843 599 968 658 instar
980 596 1324 660 Dei,st’dseipsitm
1338 605 1583 651 exinanivit,
1593 599 1694 643 dum

65 671 248 732 formam
249 666 364 725 ftrvt'
376 667 562 727 affumfit,
574 668 735 729 quando
748 665 1056 724 insimtlt'mdine
1069 668 1233 714 hominis
1245 664 1310 724 effe
1321 670 1477 725 incepit,
1503 670 1552 716 (ff
1564 682 1695 726 quum

74 733 212 784 habitu
229 740 479 778 inveniretur
491 748 539 778 ut
552 735 681 787 homo,
699 733 937 778 humiliavit
939 731 985 789 fi>
998 730 1086 793 th‘Z‘,
1110 731 1208 775 dum
1219 734 1255 787 se
1262 729 1438 792 praestitit
1450 728 1695 775 obedientem

76 800 198 863 usque
209 801 266 845 ad
276 814 445 845 mortem
456 806 595 845 crucis.

143 871 164 912 I
175 869 228 912 X.
267 871 378 926 Qae
403 863 638 911 obedientia
652 863 817 927 proprie
831 862 1090 921 subjee’tionis
1102 862 1273 925 sublege
1286 863 1327 907 in
1340 859 1512 908 Christo
1526 861 1694 924 speciem

78 932 261 981 habebat.
275 932 446 994 Duplex
459 933 568 976 enim
582 930 857 986 subjeetiossla
869 929 949 980 est3
980 931 1043 974 vel
1057 929 1258 979 naturalis,
1286 945 1379 988 quae
1394 929 1444 973 ab
1455 931 1574 973 omni
1588 944 1696 974 crea-

76 1014 166 1047 tura
188 999 374 1045 rationali
396 995 582 1051 debetur,
617 998 680 1046 vel
703 1014 752 1042 ex
762 997 954 1059 ⁴peculiari
969 994 1123 1041 foedere
1135 1012 1177 1041 ac
1191 996 1339 1056 paeto3
1367 1011 1460 1055 quoe
1474 995 1695 1057 propriein

75 1067 286 1128 Scripturis
298 1066 321 1110 s
315 1063 497 1123 ubjeetio
512 1064 586 1108 sub
598 1064 695 1125 lege,
713 1077 836 1124 atque
839 1062 916 1120 sub
928 1064 1008 1127 lege
1019 1060 1099 1122 esse,
1112 1062 1334 1123 appellatur
1348 1080 1357 1106 ε
1374 1074 1498 1120 atque
1509 1077 1553 1105 ea
1569 1063 1695 1105 ratio-

78 1149 128 1179 ne
150 1130 200 1178 de
223 1129 393 1177 Christo
419 1130 647 1192 usurpatur.
685 1135 944 1192 Qanquam
969 1130 1080 1172 enim
1108 1142 1252 1173 natura
1263 1126 1444 1172 humana
1459 1160 1471 1180 ‚
1496 1140 1696 1187 quatenus

13 1238 14 1243 ,
78 1200 162 1246 Dei
183 1211 361 1244 creatura
383 1195 468 1249 est,
492 1200 591 1242 Deo
615 1195 768 1257 semper
789 1192 940 1240 subeffe
962 1192 1125 1243 debeat,
1171 1209 1246 1238 nec
1270 1192 1345 1238 nisi
1369 1193 1502 1238 saneta
1525 1208 1569 1237 ac
1591 1190 1696 1250 justa

12 1251 15 1290 ἱ
80 1267 177 1312 Deo
199 1266 352 1327 placere
376 1260 524 1325 possit,
560 1260 786 1323 quomodo
811 1265 852 1306 &
876 1258 1087 1306 christiin
1101 1259 1211 1304 coelo
1224 1257 1481 1313 humanitas,
1504 1262 1546 1303 &
1570 1258 1696 1304 beatae

12 1346 15 1382 ξ
78 1331 223 1379 animae
248 1328 298 1375 ad
320 1327 490 1376 eandem
515 1328 731 1373 sanetitatis
751 1329 883 1390 legem
910 1340 1106 1388 perpetuo
1117 1338 1328 1378 tenentur;
1356 1322 1438 1370 hoc
1449 1338 1586 1370 tamen
1600 1340 1700 1388 pro-

78 1397 166 1463 prie
190 1400 233 1441 &
255 1394 394 1441 stricte
417 1392 718 1453 subjeetionem
742 1391 847 1439 hanc
869 1393 942 1438 sub
966 1393 1051 1456 lege
1064 1408 1151 1436 non
1164 1389 1287 1438 dicit:
1313 1408 1400 1436 non
1413 1392 1524 1450 enim
1536 1391 1697 1438 beatiin

13 1504 15 1522 ἶ
75 1464 209 1513 coelis,
238 1477 480 1523 quanquam
494 1457 701 1506 sanffiesse
713 1457 887 1506 debeant
909 1493 922 1513 ‚
957 1459 1130 1518 amplius
1152 1459 1229 1521 legi
1242 1457 1412 1517 subjeeti
1434 1458 1538 1503 stint.
1574 1461 1631 1503 Et
1645 1458 1698 1503 fic

75 1526 295 1583 ‹Christu5,
319 1528 469 1588 absque
492 1524 708 1590 sponsione
732 1525 824 1577 sua,
850 1526 928 1588 legi
952 1541 1127 1585 quoque
1149 1522 1318 1570 obedire
1337 1557 1349 1577 ,
1385 1526 1531 1570 Deum
1555 1526 1698 1585 proxi-

13 1600 15 1660 ᾗ
72 1611 288 1655 mumque
312 1592 519 1645 adamare,
547 1596 589 1638 &
603 1590 738 1638 homo
751 1588 1106 1649 sanetusacjustus
1128 1585 1203 1636 esse
1214 1585 1432 1641 debuiffet;
1459 1605 1547 1634 non
1559 1604 1698 1636 tamen

13 1665 15 1696 l
82 1662 159 1724 legi
171 1662 334 1724 proprie
345 1658 548 1718 subjeetus
560 1655 706 1705 fuiffet.
742 1657 952 1717 Subjeetio
966 1657 1076 1702 enim
1091 1656 1262 1718 sublege
1275 1655 1414 1702 striete
1427 1654 1541 1710 dicit,
1566 1656 1640 1701 sub
1651 1658 1698 1702 ea

13 1746 15 1754 ·
85 1725 159 1774 esse
172 1761 183 1781 ,
199 1741 246 1773 ut
257 1726 430 1774 domina
443 1723 719 1772 obedientiam
732 1726 956 1787 imperante
969 1757 983 1777 ,
1006 1736 1205 1783 tanquam
1219 1720 1479 1768 beatitudinis
1491 1720 1700 1767 conditio-

13 1800 15 1835 f
78 1810 203 1845 >nem;
230 1809 304 1839 nec
327 1809 416 1839 eam
441 1790 651 1837 addicente
664 1805 755 1837 ante
766 1788 1052 1836 conditionem
1063 1786 1299 1851 praestitam.
1336 1794 1434 1850 Qa
1447 1789 1605 1833 ratione
1628 1804 1702 1833 nec

13 1854 15 1910 ἔ
76 1859 243 1906 -beatiin
257 1861 365 1906 coelo
380 1893 393 1914 ‚
418 1875 491 1904 nec
503 1855 708 1912 Christus,
731 1872 974 1918 quanquam
987 1853 1137 1909 homo,
1161 1854 1310 1915 absque
1321 1852 1538 1917 sponsione
1550 1854 1632 1909 sua,
1656 1856 1700 1899 in

14 1926 15 1960 ἶ
88 1928 213 1980 terris,
236 1927 310 1973 sub
321 1928 405 1990 lege
416 1920 549 1971 fuisset
560 1958 573 1979 ,
597 1940 695 1970 cum
710 1939 812 1968 mox
825 1919 1142 1985 comprehensor
1154 1938 1197 1966 ac
1210 1918 1471 1967 beatitudinis
1491 1917 1615 1965 haeres
1626 1917 1702 1965 esse

89 1990 303 2056 potuisset,
337 2009 411 2038 nec
434 2008 523 2037 eam
546 1988 640 2053 post
662 1992 841 2052 longum
863 1986 1106 2035 obedientiae
1129 1987 1293 2032 cursum
1306 1985 1477 2032 demum
1491 1988 1702 2049 expeehire

90 2056 236 2105 necesse
248 2054 458 2105 habuisset.
482 2061 628 2118 Atque
638 2057 693 2102 ita
705 2053 1012 2109 Christus‚cum
1024 2071 1077 2099 ex
1090 2052 1162 2099 sese
1173 2054 1251 2115 legi
1264 2051 1465 2111 subjeetus
1478 2069 1563 2097 non
1577 2051 1700 2107 foret,

92 2140 164 2172 nec
187 2123 236 2172 ad
249 2124 338 2172 istas
349 2122 607 2171 conditiones
616 2136 834 2176 teneretur,
847 2121 919 2167 sese
930 2120 1063 2183 ipsum
1073 2119 1279 2165 liberrima
1293 2121 1504 2164 voluntate
1515 2120 1592 2181 legi
1605 2119 1700 2164 sub-

92 2189 183 2250 jecit
195 2227 207 2243 ,
222 2208 296 2255 pro
309 2191 427 2237 nobis
439 2224 450 2243 ‚
467 2206 538 2252 per
550 2188 814 2252 sponsionem
828 2205 871 2234 ac
883 2188 1053 2250 paetum
1067 2186 1187 2231 suum
1200 2201 1296 2230 cum
1310 2190 1441 2231 Patre.
1478 2190 1590 2245 Qae
1605 2186 1700 2230 sub-

93 2256 213 2316 jeetio
238 2259 409 2304 naturali
430 2257 487 2301 illi
499 2255 697 2302 sanetitati
710 2290 721 2306 ‚
761 2271 889 2314 quam
903 2267 948 2299 ut
962 2251 1096 2298 homo
1109 2253 1230 2298 etiam
1243 2267 1320 2314 pro
1332 2251 1367 2295 se
1378 2249 1562 2313 praestare
1574 2249 1698 2296 debe-

96 2323 177 2380 bat,
190 2322 366 2375 acceffit3
394 2328 437 2369 &
449 2336 608 2368 certum
621 2318 791 2382 aliquod
805 2333 990 2382 praeterea
1002 2315 1242 2363 obedientiae
1256 2318 1505 2362 curriculum
1521 2315 1702 2379 postula-

96 2392 156 2437 vit
169 2426 181 2446 ,
203 2406 293 2438 ante
316 2388 436 2452 quod
458 2390 676 2452 impletum
691 2387 908 2450 praemium
922 2385 1073 2447 sperare
1085 2400 1170 2428 non
1186 2397 1368 2446 poterat:
1384 2381 1700 2444 sumsitqueini-

97 2457 202 2504 tium
217 2458 236 2503 a
252 2458 381 2522 prima
393 2454 477 2515 ejus
489 2455 757 2508 nativitate,ac
768 2453 982 2499 terminata
994 2449 1051 2496 est
1064 2448 1150 2508 ejus
1164 2464 1296 2495 morte
1309 2465 1319 2500 ;
1338 2450 1412 2509 qui
1425 2449 1474 2493 ab
1487 2453 1524 2494 A
1533 2447 1700 2511 postoli)

99 2526 344 2587 appellantur
355 2525 433 2569 dies
444 2529 575 2568 carnis
586 2523 689 2582 ejus,
702 2519 834 2565 Hebr.
843 2533 860 2577 5
869 2535 928 2580 :7.
940 2518 1013 2578 qui
1026 2532 1137 2561 nunc
1148 2512 1308 2561 cessant:
1324 2533 1399 2559 non
1412 2522 1516 2561 enim
1528 2516 1700 2578 amplmh

99 2591 350 2655 cognoscimus
365 2587 786 2650 Chrssumsecundum
797 2602 971 2630 carnem.
998 2601 1038 2629 2.
1049 2586 1155 2629 Cor.
1175 2598 1210 2639 5:
1233 2599 1246 2626 1
1256 2591 1297 2627 6.
1337 2579 1467 2627 Unde
1489 2581 1571 2639 jam
1585 2582 1703 2626 intel-

62 2680 69 2687 ·
99 2657 167 2719 ligi
191 2656 333 2721 potest,
361 2652 586 2718 quomodo
610 2652 859 2700 sanstitatem
885 2654 929 2696 &
952 2651 1047 2712 legis
1059 2645 1335 2693 obedientiam
1350 2681 1363 2702 ‚
1398 2663 1526 2707 quam
1540 2647 1704 2709 prosese

976 2720 1075 2774 (ζῆ
1098 2729 1128 2774 q
1176 2729 1197 2758 2
1589 2710 1712 2757 debc-
