2357 3192
404 2490 547 2537 ratione,

611 212 699 276 448
964 210 1839 282 L12.11.cApu·1-1·X.

609 310 681 342 tur
695 311 706 346 3
722 310 857 355 neque
870 292 912 338 in
938 302 1154 355 οενυποκξίτᾳ
1179 291 1246 336 illa
1269 300 1520 350 ἐξομολογήσει
1551 295 1651 338 Deo
1688 291 1985 337 obmurmurat
2002 320 2015 342 ‚
2042 302 2085 333 ac
2107 285 2250 350 provi-

610 360 795 407 dentiam
809 360 893 420 ejus
906 360 1058 405 incusat
1075 393 1087 414 ‚
1124 355 1244 419 quod
1258 371 1446 403 naturam
1461 357 1647 404 nostram
1658 371 1746 403 tam
1758 356 1977 409 lubricam,
2005 358 2047 399 ὅ(
2060 351 2110 398 ad
2124 354 2251 399 carnis
2315 355 2319 360 ’

611 440 862 473 tentamenta
875 439 961 472 tam
975 427 1148 471 mollem
1163 423 1328 470 finxerit
1342 443 1352 469 :
1367 423 1451 470 istae
1465 426 1576 470 enim
1588 425 1804 487 gentilium
1819 421 1991 484 querelae
2005 455 2018 475 ‚
2047 435 2135 465 non
2148 436 2251 466 vero

613 495 852 539 sanctorum
879 490 1106 538 hominum
1129 490 1243 537 fuere
1256 525 1269 545 ‚
1305 492 1379 551 qui
1404 492 1538 554 operis
1551 492 1633 537 Dei
1646 491 1866 540 rationem,
1893 501 2018 548 atque
2031 486 2248 532 imbecilli-

613 561 706 608 tatis
737 557 927 605 humanae
943 559 1147 621 originem
1161 562 1204 603 &
1218 556 1349 602 causas
1362 592 1374 612 ,
1401 558 1546 602 melius
1571 554 1709 602 edoffi
1724 590 1736 611 ‚
1758 558 1801 601 in
1814 552 1971 600 edenda
1985 566 2251 616 peccatorum

616 624 867 671 confeffione
890 628 1013 688 longe
1037 625 1210 670 sanctius
1223 622 1259 668 se
1271 623 1463 686 gerebant
1480 642 1488 667 :
1503 621 1569 668 sed
1584 630 1808 668 veritatem
1821 637 1872 666 ex
1885 621 2026 666 animo
2043 620 2253 665 &intimis

614 690 794 737 sensibus
822 692 859 736 se
885 709 1019 737 amare
1042 689 1264 754 profitetur
1279 723 1291 743 ‚
1326 694 1370 735 &
1394 691 1532 753 potius
1557 689 1790 751 sapientiam
1805 688 2032 749 &gratiam
2060 703 2104 731 ac
2117 683 2249 732 fidem

619 760 703 804 Dei
717 759 863 803 exaltat
880 792 891 811 ‚
907 772 954 804 ut
967 759 1120 803 amoris
1132 774 1176 803 ac
1188 754 1474 801 misericordiae
1488 754 1572 814 ejus
1584 756 1778 817 particeps
1790 752 1877 798 fiat.
1921 756 2044 798 Nam
2067 753 2253 813 deftcfz‘io-

618 843 687 870 nes
700 842 809 870 meas
821 842 886 888 ego
898 831 993 869 novi
1007 859 1019 878 ‚
1049 831 1312 887 &peccatum
1325 840 1462 869 meum
1475 839 1609 868 coram
1623 838 1687 866 me
1698 820 1749 881 est
1761 820 1922 882 simper.
1944 835 1985 864 v.
2006 833 2041 877 5.
2065 817 2159 864 Tibi
2177 819 2254 876 fiili

609 898 790 955 peccavi,
818 897 866 943 ςφ
892 892 1051 936 malum
1073 898 1114 935 in
1138 893 1261 936 oculis
1275 891 1463 950 misfeci3
1494 885 1964 950 utjustficeris‚quando
1978 887 2174 947 loqueris,
2201 890 2251 937 &-

617 956 794 1003 mundus
803 959 876 1017 fis,
899 958 1060 1020 quando
1078 957 1255 1018 judicas.
1284 972 1325 1002 V.
1340 963 1382 1002 6.
1406 958 1510 1000 Ecce
1534 961 1709 999 veritate
1734 953 1953 999 detestatus
1967 968 2006 997 es
2017 957 2058 995 in
2071 949 2245 1006 renibus,

620 1030 669 1077 (ξφ
682 1030 724 1067 in
736 1025 886 1069 occulto
889 1024 1132 1087 sapientiam
1145 1040 1210 1067 me
1211 1023 1319 1083 facis
1331 1020 1560 1086 cognoscere.
1592 1036 1632 1065 v.
1651 1019 1694 1066 8.

685 1092 807 1136 XIII.
846 1090 1014 1151 Qibus
1040 1086 1250 1153 addeJob.
1270 1105 1337 1150 14:
1350 1104 1392 1149 4.
1424 1090 1532 1151 Qis
1543 1084 1656 1131 dabit
1662 1101 1818 1149 purum
1832 1101 1882 1131 ex
1894 1091 2050 1148 impuro
2065 1090 2085 1130 ?
2106 1102 2183 1129 non
2197 1102 2251 1129 u-

619 1174 712 1202 nus.
750 1153 886 1202 Unde
901 1153 1067 1201 &idem
1082 1155 1184 1200 sacer
1196 1153 1366 1218 scriptor
1377 1167 1496 1216 negat
1510 1188 1522 1208 ,
1547 1150 1684 1198 filium
1700 1151 1876 1205 Adrum,
1893 1151 2064 1197 muliere
2073 1164 2255 1213 progna..

619 1236 730 1277 tum,
755 1238 910 1285 purum
934 1217 1029 1276 effe,
1053 1235 1123 1267 aut
1143 1218 1357 1279 justificari
1379 1216 1492 1283 posse
1505 1234 1646 1265 coram
1658 1221 1772 1264 De0.
1802 1219 1936 1263 Homo
1949 1231 2072 1263 natus
2085 1219 2255 1262 muliere

619 1288 753 1335 brevis
774 1288 826 1347 est
839 1295 928 1333 vitae
941 1295 989 1342 ξφ
1003 1287 1129 1346 stitnr
1140 1293 1424 1334 commotionis.
1448 1301 1535 1350 cap.
1553 1301 1620 1346 14:
1640 1302 1675 1331 1.
1692 1289 1734 1329 &
1753 1298 1818 1342 15:
1838 1300 1904 1345 14.
1933 1283 2054 1348 Qid
2062 1281 2119 1328 est
2134 1283 2252 1329 homo

620 1356 863 1419 deploratus,
875 1369 924 1400 nt
930 1358 1002 1418 jus
1015 1356 1138 1415 illisit,
1156 1360 1220 1409 &a
1233 1369 1282 1400 ut
1287 1353 1426 1416 justus
1423 1353 1495 1413 sit,
1519 1367 1640 1398 natus
1652 1352 1818 1396 muliere
1834 1351 1849 1395 ζ
1873 1354 1930 1397 Et
1943 1354 2067 1395 Prov.
2090 1366 2158 1395 22:
2181 1365 2198 1395 1
2211 1364 2250 1409 ς.

619 1425 811 1467 Stultitia
837 1423 1001 1486 alligata
1023 1422 1075 1481 esi‘
1088 1428 1223 1466 animo
1230 1428 1347 1484 pueri
1361 1438 1370 1464 ε
1389 1416 1509 1480 quod
1522 1419 1644 1464 etiam
1657 1416 1799 1464 Rabbi
1814 1418 1916 1462 Levi
1929 1417 2010 1462 ben
2024 1415 2189 1461 Gerson
2200 1413 2253 1462 de

620 1486 791 1533 stultitia
815 1485 960 1533 adnata
984 1488 1186 1549 intelligit.
1236 1490 1330 1532 Nec
1353 1482 1464 1531 aliud
1488 1483 1683 1529 innuebat
1706 1484 1943 1543 circumcifio
1969 1481 2192 1527 infantium
2207 1482 2251 1526 in

622 1554 816 1599 membro
827 1555 991 1615 genitali
1004 1552 1203 1607 instituta,
1230 1550 1305 1599 nisi
1319 1564 1557 1613 corruptam
1570 1549 1755 1612 ipsorum
1769 1550 1990 1611 originem,
2018 1549 2084 1594 cui
2099 1546 2181 1593 hoc
2193 1548 2252 1593 sa-

618 1633 833 1666 cramento
847 1617 1076 1665 remedium
1090 1620 1327 1682 parabatur:
1354 1615 1476 1679 quod
1488 1622 1529 1662 &
1543 1616 1747 1679 baptismo
1769 1615 1991 1661 infantium
2004 1616 2047 1659 in
2059 1618 2180 1663 Nov.
2191 1616 2253 1662 T.

622 1687 840 1748 peragitur.
878 1689 935 1731 Et
946 1684 1124 1732 fatentur
1136 1683 1209 1748 ipsi
1218 1683 1357 1750 Judaei
1369 1685 1510 1744 aliquo
1524 1680 1660 1728 modo
1673 1679 1753 1727 hoc
1766 1695 1920 1728 naturae
1934 1683 2100 1736 vitium,
2117 1697 2168 1728 ex
2179 1696 2253 1727 an-

620 1754 740 1813 tiqua
752 1756 924 1799 Patrum
939 1750 1226 1814 proculdubio
1243 1749 1325 1797 fide
1338 1767 1382 1796 ac
1399 1747 1630 1803 Catechefi,
1651 1749 1693 1793 in
1717 1746 1890 1793 homine
1913 1762 2027 1812 γης-ς
2055 1761 2145 1808 ης,
2167 1748 2253 1814 fig-

623 1833 809 1864 mentum
834 1822 1007 1870 malum,
1036 1831 1258 1881 ponentes;
1285 1821 1328 1862 δε
1352 1830 1508 1862 naturae
1533 1814 1724 1861 humanae
1736 1815 1978 1878 languorem
1994 1831 2037 1859 ac
2050 1817 2178 1861 veluti
2191 1828 2253 1860 ta-

623 1885 723 1930 bem
746 1885 927 1946 aliquam
952 1885 1232 1947 agnoscentes;
1261 1884 1452 1945 quamvis
1475 1883 1586 1927 illam
1600 1883 1853 1940 caeteroquin
1866 1895 2079 1944 peccatum
2093 1876 2168 1926 effe
2180 1896 2255 1926 ne-

623 1964 734 2013 gent.
774 1953 971 2012 Denique
983 1949 1207 1997 confirmat
1220 1949 1330 1997 idem
1345 1947 1502 1995 Christi
1516 1945 1949 2010 auctoritas‚Joh.3:6.
1966 1947 2095 2011 Qod
2103 1962 2252 1993 natum

624 2016 677 2076 ist
691 2034 741 2062 ex
753 2034 886 2072 carne,
901 2035 990 2064 caro
1002 2018 1067 2078 est,
1095 2018 1206 2080 quod
1214 2031 1361 2062 natum
1374 2016 1426 2076 est
1439 2033 1490 2060 ex
1503 2020 1668 2078 Spiritu,
1685 2017 1856 2076 Spiritus
1868 2013 1932 2074 est.
1971 2015 2163 2076 JVtfiquis
2175 2030 2254 2059 na-

613 2084 757 2141 scatur
779 2082 924 2138 denuo,
948 2101 1025 2128 non
1045 2083 1168 2146 potest
1189 2085 1328 2129 videre
1352 2100 1520 2148 regnum
1533 2086 1626 2127 Dei.
1657 2077 1820 2126 Ibid.v.
1837 2096 1872 2141 3.
1896 2084 2039 2133 Amen
2052 2081 2134 2125 dico
2147 2079 2220 2125 tibi
2228 2096 2242 2132 3

621 2151 697 2209 nisi
717 2157 806 2212 quis
829 2150 1019 2207 nascatur
1030 2168 1083 2195 ex
1095 2167 1207 2213 aqua
1222 2156 1270 2203 ᾤ’
1282 2155 1434 2212 Spiritu
1450 2182 1462 2202 ,
1474 2145 1682 2211 nonpotcst
1694 2152 1846 2192 intrare
1858 2153 1900 2191 in
1915 2163 2083 2211 regnum
2096 2150 2190 2193 Dei.
2208 2163 2251 2192 v.

628 2231 663 2275 5.
685 2220 728 2260 &
742 2215 974 2278 Apostolus
988 2219 1040 2263 ita
1053 2230 1190 2278 gentes
1203 2229 1346 2262 natura
1358 2227 1586 2278 peccatores
1597 2209 1936 2267 affirmat‚Gal.2:
1947 2229 1962 2257 1
1976 2215 2253 2269 5.Nos‚natu-

622 2300 671 2327 ra
695 2281 835 2344 Judaei
860 2289 908 2336 (φ
931 2302 1006 2327 non
1021 2300 1072 2329 ex
1091 2281 1278 2347 gentibus
1296 2294 1515 2345 peccatores
1529 2313 1540 2328 .
1564 2291 1612 2323 ut
1634 2275 1744 2323 idem
1758 2280 1882 2324 etiam
1897 2276 1947 2324 ad
1960 2277 2071 2323 suam
2083 2291 2250 2340 gentem

624 2365 667 2393 ac
695 2346 870 2411 Judaeos
891 2347 1097 2395 extendat.
1148 2347 1259 2412 Eph.
1287 2365 1325 2394 2:
1354 2363 1389 2409 3.
1439 2350 1494 2393 Et
1518 2361 1679 2392 eramus
1691 2344 1775 2405 filii
1799 2359 1951 2391 natura
1975 2352 2036 2390 irae
2057 2360 2069 2396 ς
2126 2359 2175 2390 ut
2202 2350 2252 2399 ξφ
2313 2380 2322 2390 .

622 2417 781 2477 reliqui.

692 2484 731 2525 X
744 2485 764 2525 I
778 2484 834 2527 V.
882 2483 974 2526 Nec
999 2479 1223 2543 refragatur
1245 2487 1352 2525 ratio
1383 2497 1393 2524 ε
1420 2495 1516 2524 cum
1543 2479 1653 2523 enim
1679 2473 1870 2522 Adamus
1893 2477 2052 2538 generis
2079 2474 2253 2523 humani

627 2562 767 2609 parens
781 2564 823 2592 ac
837 2546 942 2592 sator
957 2580 969 2599 ,
994 2545 1161 2607 ejusque
1174 2545 1288 2607 quasi
1302 2543 1420 2591 radix
1431 2544 1537 2591 foret
1562 2578 1574 2598 ‚
1600 2545 1642 2588 in
1654 2542 1738 2602 ejus
1751 2544 2018 2604 corruptione
2030 2558 2158 2588 omne
2171 2540 2252 2588 ho.

626 2615 792 2658 minum
813 2629 939 2674 genus
963 2614 1156 2658 vitiatum
1181 2609 1295 2658 fuiffe
1316 2625 1499 2675 oportet.
1534 2607 1692 2657 Radice
1716 2610 1825 2652 enim
1839 2608 2064 2670 putrefaota
2075 2624 2163 2653 non
2175 2606 2252 2654 nisi

627 2680 730 2725 rami
745 2677 900 2743 putridi
912 2680 1181 2743 proveniunt,
1188 2680 1263 2744 qui
1274 2675 1445 2727 eandem
1458 2677 1595 2724 tabem
1607 2677 1798 2739 spargunt
1810 2672 1860 2721 ad
1872 2675 1971 2722 alios
1982 2691 2033 2721 ex
2045 2674 2081 2721 se
2092 2674 2255 2722 nascen-

2195 2752 2255 2787 tes
