2435 3212
672 204 762 251 424
1048 189 1925 235 Ltn.II.CA1³tr·1-VI.

673 266 956 319 firmare.cum
969 268 1080 330 prius
1091 263 1309 314 tentandus
1321 283 1367 313 ac
1377 265 1654 330 explorandus
1664 264 2014 328 foret,antequam
2028 264 2240 316 summum
2253 268 2302 316 il-

675 335 768 382 lum
793 332 1053 381 beatitudinis
1065 335 1222 396 apicem
1234 333 1552 394 consequeretur
1574 349 1587 386 ς
1612 349 1703 395 quo
1718 348 1788 395 per
1798 333 1948 395 gradus
1959 333 2092 395 ipsum
2107 331 2303 384 deducere

674 402 793 449 Deus
815 399 1056 447 decreverat.
1092 402 1225 447 Hunc
1247 401 1358 446 enim
1383 398 1577 446 ordinem
1601 397 1741 445 divina
1763 400 1890 447 servat
1903 400 2092 462 sapientia
2105 433 2118 453 ‚
2153 414 2200 447 ut
2213 418 2299 449 non

674 480 764 513 uno
790 481 1010 514 momento
1023 469 1206 514 maxima
1215 466 1283 512 sua
1295 483 1419 530 opera
1431 468 1552 513 nobis
1559 464 1832 519 ostendat,ied
1845 481 1914 528 per
1925 482 2123 512 numeros
2134 466 2300 529 gradus-

673 549 757 594 que
781 533 875 580 suos
895 534 962 580 illa
975 535 1139 581 veniant
1152 568 1164 589 ,
1199 535 1359 595 suoque
1372 532 1528 597 singula
1540 547 1729 596 tempore
1742 533 1935 580 absolvat.
1975 536 2044 580 Ut
2056 535 2168 580 enim
2182 540 2300 601 Aug.

672 599 771 646 lib.2
781 618 818 646 2.
834 598 886 646 de
901 604 1025 646 Civit.
1043 606 1139 653 Dei,
1153 617 1188 646 c.
1206 616 1270 662 30.
1299 601 1501 647 Servandi
1511 616 1628 646 erant
1633 601 1791 664 gradus
1804 600 1933 645 divim·
1945 607 2138 654 muneris,
2158 609 2301 666 utpri-

672 683 790 711 mum
813 668 984 712 daretur
1008 667 1187 713 liberum
1206 667 1425 714 arbitrium
1438 701 1451 721 ‚
1485 685 1566 730 quo
1589 685 1666 711 non
1685 666 1972 730 peccarepoffi’t
1984 667 2121 717 homo;
2137 668 2295 729 novff-

673 750 803 785 mum,
828 751 906 796 quo
927 735 1322 798 peccare-nonpoffit;
1348 749 1474 798 atque
1485 733 1592 779 illud
1600 734 1660 780 ad
1668 734 1986 796 comparandum
1998 740 2209 790 meritum,
2231 735 2302 782 hoc

673 800 730 843 aa!
739 802 1006 862 recipiendum
1014 809 1224 865 praemc'um
1232 807 1466 865 pertineret.

453 858 541 899 unde
552 861 657 897 ‘mm
739 869 884 913 XXVI
890 871 922 913 Ι.
959 866 1107 928 Atque
1118 884 1171 913 ex
1182 865 1257 913 hac
1270 865 1453 914 homin-is
1464 866 1736 913 mutabilitate
1748 863 1836 910 fieri
1850 880 2023 929 poterat,
2051 864 2186 928 quod,
2201 884 2300 915 cum

452 914 556 970 ‘mu‘
565 916 614 966 ‘st'
671 933 694 978 a
718 947 920 980 tentatore
943 933 1100 980 blandis
1122 934 1254 980 verbis
1275 947 1602 997 oppugnaretur,
1629 949 1715 978 non
1739 931 1957 981 attenderit
1978 932 2031 979 ad
2055 935 2137 980 Dei
2151 950 2301 996 praece-

671 1013 792 1063 ptum
807 1017 818 1052 3
835 1014 959 1061 atque
970 1001 1024 1046 ita
1035 1003 1077 1046 in
1092 999 1266 1052 infidias,
1294 1017 1394 1061 quas
1406 1000 1629 1065 praevidere
1644 1001 1830 1061 alioquin
1846 996 2050 1062 potuisset‚
2074 1002 2301 1063 praecipita-

671 1068 744 1112 vit.
784 1070 852 1114 Ut
874 1068 1041 1113 initium
1067 1068 1219 1130 peccati
1242 1066 1365 1114 fuerit
1377 1102 1389 1122 ,
1416 1065 1538 1129 quod
1561 1068 1790 1113 intellectus
1801 1071 1842 1112 δε
1859 1068 2049 1112 voluntas
2059 1064 2241 1114 hominis
2252 1069 2298 1113 in

668 1131 813 1179 officio
826 1134 899 1179 suo
912 1130 1147 1181 ceffaverint
1160 1169 1172 1186 ‚
1207 1150 1282 1179 nec
1295 1132 1382 1180 satis
1394 1132 1549 1180 diaboli
1560 1135 1729 1195 laqueos
1740 1151 1784 1179 ac
1794 1131 1954 1180 fraudes
1967 1134 2183 1180 vitaverint
2194 1150 2205 1186 ;
2224 1150 2298 1180 cu·

667 1199 732 1260 jus
755 1202 810 1246 rei
823 1204 937 1246 causa
948 1200 1027 1246 fuit
1039 1199 1221 1247 defectus
1233 1201 1301 1246 ille
1311 1201 1426 1246 liberi
1438 1201 1591 1246 arbitrii
1605 1235 1617 1254 ,
1653 1199 1775 1261 quod
1798 1201 1943 1246 oculos
1955 1200 1978 1244 ὲ
1989 1199 2157 1245 summo
2182 1201 2299 1247 bono

669 1282 846 1313 avertere
881 1272 923 1313 &
948 1268 1130 1314 libertate
1153 1268 1221 1313 sua
1234 1268 1338 1313 male
1352 1271 1412 1314 uti
1427 1281 1601 1330 poterat.
1638 1273 1786 1331 Qam
1799 1266 2174 1331 imperfeffionem,
2197 1284 2300 1315 cum

668 1331 804 1380 homo
817 1336 860 1380 in
874 1335 992 1380 bono
1005 1333 1200 1381 nondum
1211 1333 1485 1381 confirmatus
1496 1330 1604 1388 esset,
1616 1351 1667 1380 ex
1680 1332 1813 1379 nihilo
1831 1369 1843 1387 ,
1859 1351 1911 1379 ex
1925 1350 2015 1395 quo
2029 1348 2182 1381 creatus
2197 1348 2298 1390 erat,

666 1414 795 1462 atque
818 1418 869 1447 ex
883 1418 967 1463 qua
977 1415 1064 1447 tam
1079 1403 1264 1448 multum
1279 1400 1414 1448 adhuc
1426 1401 1702 1465 participabat,
1726 1398 1925 1447 trahebat.
1966 1401 2032 1447 Ut
2046 1402 2164 1447 unica
2176 1418 2220 1447 ac
2232 1402 2300 1447 in-

664 1469 766 1513 tima
791 1470 939 1530 peccati
965 1469 1078 1514 causa
1091 1470 1132 1514 in
1147 1470 1362 1516 voluntate
1377 1467 1426 1516 fit
1440 1503 1452 1520 ,
1487 1484 1583 1530 quae
1596 1484 1694 1513 cum
1708 1468 1915 1513 mutabilis
1926 1464 2020 1514 esset
2031 1466 2214 1522 condita,
2238 1481 2300 1515 at-

666 1551 750 1596 que
763 1536 869 1580 ultra
884 1534 1063 1581 modum
1077 1535 1152 1581 sese
1162 1536 1379 1583 extendere
1391 1532 1521 1599 poss'et
1533 1568 1546 1588 ,
1582 1535 1688 1581 ultra
1699 1535 1822 1580 etiam
1837 1551 1966 1595 quam
1978 1535 2207 1581 intellectus
2219 1534 2300 1581 du-

664 1615 770 1648 ceret
782 1638 794 1654 ,
834 1601 871 1648 ίὲ
892 1600 1018 1665 ipsam
1047 1606 1226 1650 mutavit
1239 1638 1250 1657 ,
1287 1607 1330 1648 δέ
1355 1604 1398 1648 in
1412 1601 1590 1649 deterius
1601 1600 1704 1664 lapsa
1716 1599 1789 1647 est.
1823 1603 1960 1647 Nulla
1972 1610 2078 1648 em'm
2091 1621 2134 1648 re
2146 1603 2195 1647 de
2207 1621 2298 1649 arce

661 1670 910 1721 dominandi,
927 1671 1110 1733 retiaque
1122 1675 1258 1717 ordme
1270 1688 1381 1716 mens
1392 1671 1530 1734 deponi
1535 1669 1658 1734 potest
1669 1670 1743 1730 nfi
1751 1670 1982 1724 voluntate,
1999 1683 2047 1716 ut
2058 1670 2166 1715 reete
2178 1673 2296 1734 Aug.

663 1737 737 1782 l.1.
751 1734 802 1781 de
814 1737 885 1782 lib.
900 1736 984 1781 arb.
999 1753 1032 1781 c.
1056 1746 1120 1784 16.

450 1796 509 1844 Qu
522 1791 579 1856 ’ἴθ’
727 1805 935 1850 XXVIII.
971 1806 1084 1848 Wres
1107 1818 1244 1850 tamen
1268 1800 1415 1849 habuit
1427 1800 1617 1848 Adamus
1630 1800 1681 1848 ad
1694 1799 1976 1848 obediendum
1992 1800 2170 1856 idoneas,
2197 1803 2300 1849 alio-

443 1858 549 1941 {ZZ
559 1848 625 1956 ᾖ
662 1870 766 1927 quin
780 1872 890 1916 enim
903 1869 1192 1916 conditionem
1207 1867 1501 1933 impossibilem
1513 1867 1664 1917 tuliffet
1676 1873 1805 1921 Deus,
1832 1874 1874 1915 &
1888 1886 2023 1917 revera
2036 1870 2169 1933 ipsum
2183 1871 2205 1917 a
2218 1868 2300 1916 fot-

448 1961 517 1997 „m
530 1957 646 1999 vires?
662 1934 758 1982 dere
785 1955 829 1983 ac
842 1937 1019 1984 amicitia
1033 1938 1101 1983 sua
1115 1934 1314 1996 abjeciffet
1331 1956 1340 1982 ε
1365 1951 1613 2000 poteratque
1624 1953 1763 1983 earum
1778 1935 2147 1984 confirmationem
2162 1938 2184 1982 a
2197 1941 2297 1984 Deo

663 2001 870 2066 postulare
883 2039 895 2053 ,
931 2018 1057 2064 atque
1081 2018 1252 2064 urgente
1274 2006 1495 2050 certamine
1508 2006 1631 2050 etiam
1643 2002 1828 2050 debebat.
1864 2006 1948 2050 Dei
1972 2018 2127 2059 autem,
2153 2021 2203 2050 ex
2216 2003 2298 2050 foe-

663 2068 757 2115 dere
768 2086 851 2117 erat
866 2106 878 2121 ,
893 2069 1055 2116 homini
1070 2073 1110 2116 in
1127 2069 1211 2120 fide
1223 2072 1374 2134 petenti
1390 2073 1490 2116 vires
1508 2067 1742 2126 conferta-12
1759 2068 2012 2134 &ahugere
2023 2106 2035 2124 ,
2075 2071 2298 2134 ipsumque

662 2134 742 2181 isto
765 2139 806 2182 in
821 2154 959 2183 rerum
973 2138 1137 2185 cardine
1150 2154 1237 2182 non
1251 2136 1440 2184 deserere.
1481 2141 1586 2184 Non
1601 2151 1738 2183 autem
1751 2138 1966 2183 tenebatur
1976 2154 2151 2184 omnem
2163 2151 2297 2185 tenta-

660 2204 819 2249 tionem
835 2219 1026 2257 avertere‚
1048 2234 1050 2237 >
1067 2204 1165 2252 elad
1179 2221 1270 2250 eam
1283 2203 1540 2251 tolerandam
1553 2202 1774 2250 hominem
1788 2208 2050 2267 praemunire,
2065 2219 2191 2265 atque
2203 2202 2296 2252 effi-

658 2286 747 2316 cere
761 2284 806 2316 ut
820 2288 869 2316 ne
882 2274 1062 2317 omnino
1074 2273 1289 2318 laberetur,
1324 2273 1388 2317 Sic
1402 2273 1514 2317 enim
1527 2273 1631 2317 ratio
1645 2269 1810 2317 foederis
1823 2286 1981 2318 mutata
1996 2269 2142 2323 fuisset,
2172 2269 2294 2332 quod

659 2337 831 2383 liberam
856 2336 1040 2385 hominis
1062 2337 1343 2385 obedientiam
1370 2372 1383 2392 ,
1419 2355 1463 2384 ac
1483 2340 1526 2383 in
1553 2339 1670 2383 bono
1697 2339 2031 2399 perseverantiam
2046 2336 2295 2403 postulabat,

510 2453 516 2459 ,
599 2453 604 2461 ,
658 2419 788 2465 quam
802 2405 945 2451 oblato
958 2408 1179 2452 certamine
1190 2407 1393 2468 explorari
1405 2422 1448 2450 ac
1461 2405 1624 2468 probari
1639 2420 1710 2467 par
1724 2419 1820 2452 erat.

439 2451 618 2544 :5¹320'*
727 2474 886 2518 XXIX.
923 2475 1033 2519 Facit
1057 2472 1139 2519 huc
1162 2471 1438 2522 consideratio
1464 2470 1637 2535 duplicis
1661 2473 1824 2524 auxilii,
1867 2471 1949 2517 sive
1973 2470 2192 2532 adjutorii,
2204 2475 2296 2531 fine

438 2522 590 2612 duileixs:
654 2555 733 2598 quo
746 2558 839 2593 non,
865 2544 907 2585 ὃ(
934 2558 1012 2602 quo
1028 2557 1039 2592 3
1068 2558 1151 2601 qua
1177 2538 1438 2601 Augustinus
1458 2541 1606 2585 utitur.
1655 2544 1852 2598 Qarum
1879 2541 1989 2603 prius
2014 2556 2084 2602 per
2110 2538 2293 2585 modum

651 2602 816 2652 habitus
838 2621 907 2653 aut
935 2606 1132 2654 facultatis
1148 2610 1189 2653 in
1204 2604 1378 2651 homine
1390 2604 1686 2660 consideratur,
1694 2607 1867 2653 alterum
1883 2623 1954 2668 per
1966 2605 2147 2652 modurn
2161 2607 2295 2653 actio-

647 2673 708 2718 nis
720 2677 762 2718 &
775 2674 955 2738 impetus
978 2708 992 2731 ,
1031 2672 1115 2722 five
1126 2672 1296 2722 efficacis
1309 2688 1453 2720 motus
1463 2677 1507 2720 &
1518 2674 1793 2720 inclinationis
1805 2674 2030 2721 voluntatis
2046 2672 2097 2721 ad
2112 2675 2290 2720 bonum.

2176 2741 2294 2787 Prius
