2367 3142
407 205 481 252 DE
529 204 827 250 Memnone
872 205 1100 251 Foenmus
1147 220 1365 252 camisia.
1635 208 1721 269 485

163 284 239 330 IX.
276 281 372 329 Ubi
384 282 433 327 ab
448 298 528 327 una
541 295 652 345 parte
664 279 853 326 vitandus
865 297 980 326 error
993 282 1194 339 Ostandri,
1209 285 1282 342 qui
1296 280 1551 328 efficaciam&
1572 286 1722 329 merito
1738 287 1794 327 Ab
1803 287 1899 337 officio

99 346 344 411 distinguere
357 347 505 394 nescius
520 382 532 399 ,
561 347 612 392 ab
624 343 766 391 officio
781 345 1024 392 mediatorio
1038 344 1264 392 humanam
1278 346 1436 394 Christi
1448 362 1636 395 naturam
1649 367 1721 395 ex·
1736 345 1930 382 mediatoris

101 413 216 460 clusit
230 431 241 466 ς
271 419 313 460 δε
338 411 535 472 justitiam
560 411 717 458 Christi
731 410 913 458 divinam
928 429 971 458 ac
984 408 1225 459 essentialem
1241 412 1423 459 nostram
1435 413 1633 473 justitiam
1647 413 1721 461 esse
1737 398 1904 491 Ofilmdef

99 477 256 526 asseruit
273 499 282 525 ι
299 484 340 525 &
352 480 402 525 ab
415 481 533 524 altera
546 492 656 541 parte
671 484 860 525 Stancari
872 479 1032 540 opinio,
1059 480 1133 540 qui
1146 477 1250 524 dum
1263 478 1458 526 fervidius
1469 480 1543 526 sese
1553 482 1716 543 collegae
1734 452 1870 546 222¹st

98 545 170 592 suo
183 545 325 604 objicit
340 580 351 599 ,
376 547 416 589 in
431 546 602 591 alterum
617 558 847 590 extremum
862 541 1030 590 deflexit
1043 577 1054 597 ‚
1090 548 1133 589 &
1157 543 1377 591 Christum
1403 544 1624 592 secundum
1640 545 1717 592 hu·
1732 577 1826 605 narn,

99 627 263 657 mariam
290 625 477 657 naturam
504 624 667 656 tantum
682 609 952 656 mediatorem
965 606 1042 655 esse
1054 613 1356 672 pronunciavit.
1398 618 1509 675 Qae
1523 616 1564 657 &
1580 614 1717 676 Magi-
1872 656 1876 664 ,

99 677 168 724 stri
183 678 470 724 sententiarum
483 677 628 738 opinio
651 674 803 728 fuerat3
833 692 960 736 quarn
975 674 1182 723 Pontificii
1194 674 1273 722 fere
1284 678 1576 738 sequuntur‚ut
1588 694 1637 723 eo
1651 695 1722 723 co·
1737 657 1921 742 Ξῑ-ἶῗὲζζηω

100 746 184 789 lore
210 741 338 788 fidem
366 741 552 788 Ecclesiae
576 743 654 788 suae
677 740 729 787 de
752 741 988 787 sanetorum
1011 739 1237 787 hominum
1252 747 1293 788 δε
1307 745 1547 805 angelorum
1570 743 1722 790 media·
1738 759 1861 796 chum

103 812 215 856 tione
227 808 377 855 facilius
392 822 596 854 tueantur.
624 810 717 853 Nec
731 807 817 853 satis
826 807 1029 854 sententiae
1044 807 1156 854 istius
1168 809 1370 870 probrum
1384 826 1427 854 ac
1440 808 1637 855 invidiam
1653 809 1721 855 de·
1738 826 1915 852 naturam.

102 877 220 922 clinat
234 872 783 928 Bellarminus,distin6tione
790 880 968 937 principii
979 875 1102 936 quod,
1115 878 1156 919 ἃ
1168 890 1268 936 qu05
1297 888 1344 920 ut
1358 874 1461 921 illud
1475 874 1523 921 sit
1536 889 1623 920 tota
1638 892 1723 921 me-

103 939 267 990 diatoris
279 940 446 1003 persona
461 974 473 995 ‚
507 938 589 986 hoc
603 955 702 985 vero
717 939 799 984 sola
811 937 895 998 ejus
907 953 1048 985 natura
1060 937 1241 985 humana
1257 959 1266 985 :
1283 956 1377 985 cum
1394 957 1466 986 nec
1479 939 1589 986 aliud
1608 944 1723 987 Stan-
1738 939 1828 997 Cufn
1839 946 1903 984 quo

103 1023 214 1062 carus
238 1007 415 1052 voluerit
425 1040 438 1060 ,
480 1008 554 1067 qui
579 1022 651 1051 nec
676 1006 887 1051 Deitatem
914 1003 1071 1051 Christi
1087 1040 1099 1056 ‚
1138 1022 1214 1051 nec
1237 1001 1499 1068 personarum
1524 1008 1722 1052 unionem
1732 989 1870 1090 Ῐὲῗσωῗὲ
1885 1044 1901 1051 ..

104 1074 276 1134 negavit.
311 1073 562 1134 Principium
586 1085 722 1117 autem
737 1087 826 1132 quo
840 1069 905 1116 hic
918 1086 1002 1115 non
1018 1070 1152 1116 solum
1167 1070 1223 1117 est
1235 1070 1429 1124 humana,
1457 1071 1523 1118 sed
1534 1077 1576 1118 ὅ(
1589 1072 1726 1119 divina
1769 1057 1836 1083 ΜΗ
1864 1056 1914 1080 m.

107 1136 261 1184 christi
278 1153 488 1191 natura‚ut
501 1139 542 1183 in
559 1138 750 1199 operibus
762 1135 1010 1183 mediatoriis
1021 1135 1103 1196 jam
1119 1135 1313 1184 vidimus.

169 1208 221 1250 X.
257 1203 488 1267 Apostolus
518 1202 689 1265 quidem
704 1237 716 1257 ,
749 1221 783 1249 1.
796 1204 915 1249 Tim.
932 1220 970 1248 2:
991 1218 1027 1261 5.
1062 1204 1321 1249 mediatorem
1346 1206 1515 1267 appellat
1527 1205 1728 1250 hominem

105 1269 256 1333 Jefitm
289 1270 506 1330 Christum.
541 1274 702 1317 Verum
726 1268 858 1314 sermo
881 1269 938 1315 ibi
960 1282 1124 1315 tantum
1138 1267 1195 1314 est
1209 1268 1260 1315 de
1273 1272 1493 1332 personain
1507 1274 1725 1323 concreto:

106 1352 234 1397 quam
251 1335 480 1399 Apostolus
492 1352 588 1381 cum
602 1339 747 1382 Deum
762 1348 873 1380 antea
887 1331 1109 1398 appellasset
1128 1369 1140 1389 ,
1166 1351 1277 1380 nunc
1289 1338 1478 1398 peculiari
1491 1334 1541 1381 de
1554 1334 1665 1382 causa
1679 1338 1729 1381 ab

107 1399 287 1448 humana
300 1417 442 1448 natura
454 1400 698 1448 denominat
712 1418 721 1453 ;
739 1415 832 1448 tum
847 1402 944 1461 quia
957 1417 1061 1447 mox
1087 1412 1193 1459 av'qgg
1219 1418 1263 1446 ac
1276 1403 1420 1447 mortis
1431 1403 1537 1447 illius
1551 1404 1730 1447 mentio-

105 1483 204 1514 nem
227 1467 406 1513 facturus
428 1482 525 1522 erat,
551 1486 592 1514 v.
609 1477 650 1514 6.
675 1481 768 1513 tum
783 1468 880 1528 quia
893 1465 1033 1512 fideles
1044 1469 1085 1512 in
1101 1468 1284 1530 precibus
1308 1467 1384 1512 suis
1397 1467 1446 1514 de
1457 1469 1574 1512 nullo
1588 1465 1728 1513 homi-

106 1549 210 1579 num
235 1550 378 1596 genere
401 1532 603 1596 desperare
623 1532 790 1592 jubebat
804 1567 816 1587 ,
851 1534 949 1593 quia
972 1531 1176 1579 mediator
1195 1567 1218 1596 ,Δ
1237 1549 1336 1578 cum
1361 1531 1496 1579 homo
1523 1532 1723 1588 existeret,

105 1615 376 1646 communem
388 1600 582 1646 omnium
595 1597 820 1644 hominum
834 1600 1046 1659 personam
1071 1598 1322 1644 sustinuerat.

173 1668 249 1711 XI.
286 1663 421 1728 Qod
445 1681 571 1728 porro
595 1664 740 1724 objicit
761 1666 1030 1710 Bellarminus
1050 1698 1060 1718 ,
1085 1664 1356 1711 mediatorem
1373 1662 1538 1710 differre
1550 1663 1694 1710 debere
1707 1665 1728 1710 ὂ.
1742 1664 1943 1713 objefflones

109 1732 206 1779 Deo
221 1765 233 1785 ‚
268 1747 366 1776 cum
387 1729 589 1777 mediator
610 1733 748 1776 omnis
773 1728 824 1778 sit
852 1728 903 1776 ad
931 1732 1128 1782 alterum3
1161 1730 1345 1790 adeoque
1358 1729 1575 1776 Christum
1590 1731 1727 1776 secun-
1742 1722 1937 1758 Bellarmini

110 1795 213 1844 dum
228 1794 410 1842 divinam
424 1810 610 1842 naturam
624 1795 668 1842 id
682 1813 833 1843 munus
844 1812 980 1858 gerere
994 1813 1079 1841 non
1093 1793 1203 1858 poffe
1217 1831 1228 1850 ,
1241 1795 1315 1842 nifi
1328 1795 1437 1858 apud
1450 1797 1664 1858 semet-ips
1657 1814 1729 1842 um
1737 1778 1768 1824 [0
1770 1776 1929 1813 ‘mmm'

100 1861 314 1908 mediator
337 1861 536 1908 statuatur
559 1896 571 1916 ,
607 1879 717 1908 mera
739 1863 894 1924 argutia
917 1861 987 1908 est.
1023 1867 1141 1908 Cum
1153 1864 1264 1907 enim
1277 1861 1386 1925 apud
1401 1867 1576 1916 Patrem,
1596 1878 1645 1907 ex
1660 1879 1730 1925 pe-

100 1929 250 1974 -culiari
273 1926 398 1988 hujus
428 1930 560 1990 operis
572 1929 810 1974 oeconomia
824 1962 836 1981 ‚
870 1926 987 1986 juxta
999 1931 1213 1991 Scripturae
1229 1927 1347 1973 usum
1361 1927 1556 1974 mediatio
1570 1930 1730 1990 peraeta

101 1993 252 2046 ·fuerit;
285 2008 407 2056 atque
418 1992 637 2053 illejudicis
646 2011 688 2039 ac
700 1992 937 2055 legissatoris
950 2028 962 2047 ,
997 1992 1188 2039 Christus
1218 2009 1354 2040 autem
1369 1993 1570 2055 sponsoris
1584 2009 1628 2038 ac
1640 2011 1730 2040 me-

99 2057 278 2106 ·diatoris
300 2060 510 2123 personam
535 2058 767 2105 sustinuerit
781 2094 792 2113 ,
827 2059 915 2105 satis
926 2074 1033 2121 patet
1045 2076 1173 2121 quam
1187 2060 1314 2105 inanis
1326 2058 1412 2105 haec
1426 2058 1474 2104 fit
1486 2060 1726 2105 ratiuncula.

105 2123 272 2172 ‘Differt
295 2128 405 2172 enim
429 2124 539 2171 filius
561 2126 582 2170 ὲ
604 2130 736 2179 Patre,
759 2139 852 2171 tum
865 2126 1043 2187 persona:
1057 2124 1205 2171 divinae
1220 2126 1400 2187 respetfftu
1414 2159 1426 2178 ‚
1462 2140 1553 2170 tum
1570 2122 1730 2187 potissi-

118 2206 235 2236 mum
260 2208 341 2252 qua
363 2201 604 2256 Sedvsgm&
620 2228 633 2251 ‚
666 2195 708 2236 δέ
733 2193 890 2237 ratione
913 2193 1201 2236 incarnationis
1225 2190 1302 2236 suae
1318 2224 1330 2244 ‚
1368 2189 1449 2235 five
1461 2193 1726 2241 oeconomiae‚

118 2270 166 2302 ut
191 2258 328 2303 Graeci
343 2261 473 2304 Patres
485 2258 603 2318 loqui
618 2270 755 2302 amant
769 2291 781 2310 ‚
819 2255 869 2301 de
882 2274 965 2317 qua
979 2255 1081 2302 Phil.
1102 2274 1139 2302 2:
1156 2275 1198 2318 7,
1216 2258 1255 2304 8.
1291 2256 1479 2318 Seipfttm
1491 2262 1732 2309 exinanivit,

48 2364 49 2368 ,
119 2322 216 2368 dum
229 2324 411 2383 formam
424 2321 539 2380 servi
564 2322 733 2384 affitmstt
747 2356 758 2376 ‚
793 2323 954 2384 quando
974 2332 1014 2367 m
1025 2324 1293 2383 fimilttudine
1313 2323 1482 2367 homims
1494 2323 1729 2384 effemccpir,

107 2394 184 2443 (ᾗ,
205 2406 333 2450 quum
346 2388 488 2435 habitu
499 2396 752 2434 inveniretur
775 2404 823 2433 ut
835 2387 964 2439 homo,
994 2387 1232 2433 humiliavit
1235 2389 1278 2446 sc}
1290 2388 1376 2449 ipſs,
1403 2387 1734 2449 dumsepraestz'tit

50 2471 51 2487 ¹
101 2452 356 2500 --0bedientem
379 2453 501 2519 ”stim
523 2456 580 2500 ad
599 2470 782 2505 mortem,
809 2469 979 2500 mortem
992 2452 1085 2500 verb
1099 2462 1236 2500 crucis.
1272 2457 1327 2499 Et
1351 2469 1593 2514 quanquam
1607 2470 1733 2498 nemo

125 2518 180 2564 sui
191 2517 309 2580 ipsius
323 2519 526 2566 mediator
547 2517 621 2565 effe
646 2517 768 2582 poffit
779 2516 908 2565 officii
921 2520 1102 2573 ratione,
1137 2519 1296 2565 fructus
1317 2533 1454 2565 tamen
1479 2516 1737 2563 mediationis

126 2582 178 2629 ad
201 2586 330 2646 ipsum
345 2601 518 2647 quoque
529 2587 753 2649 pertingere
766 2585 914 2648 potest.
950 2584 1160 2645 Adeoque
1173 2602 1268 2630 cum
1281 2587 1405 2630 Filius
1420 2583 1534 2641 juxta
1548 2600 1643 2629 cum
1659 2590 1734 2629 Pa·

108 2661 186 2695 tre
207 2650 314 2697 laefiis
336 2649 481 2715 fuerit,
517 2650 621 2713 quid
644 2649 779 2698 obstat
803 2668 892 2713 quo
915 2654 1052 2699 minus
1077 2656 1117 2697 &
1140 2650 1261 2712 ipsius
1273 2649 1436 2707 justitiae
1450 2649 1736 2760 sacrificiosislo

1119 2721 1149 2762 P
1165 2732 1189 2779 p
1203 2731 1228 2778 p
1268 2732 1283 2777 3
1650 2730 1740 2761 ati<-
