2383 3192
14 1216 17 1257 r

14 1260 16 1342 l

698 172 793 226 464
1068 130 2005 214 L13.11.CapurX1.'⁷

696 249 844 312 spargit
857 268 866 294 :
881 246 933 295 ad
944 265 1073 311 quam
1086 249 1269 311 sequitur
1280 249 1476 298 secundus
1488 256 1531 298 &
1544 252 1714 299 ulterior
1726 252 1854 305 actus,
1865 263 1961 297 tum
1973 245 2318 308 affi1·mandi,tum
2334 302 2337 304 a

697 313 889 376 negandi,
902 314 1312 377 variequejudicandi
1325 351 1337 372 ‚
1372 316 1492 378 quod
1504 319 1726 364 voluntatis
1736 316 1794 363 est
1805 334 1817 370 3
1835 332 1929 377 quae
1942 333 1993 362 ex
2005 318 2133 379 priori
2143 315 2216 365 ista
2226 321 2319 366 luce
2367 317 2369 332 ²

696 395 785 425 non
799 379 1092 428 determinatur
1105 417 1118 435 ,
1154 382 1218 429 sed
1232 380 1283 428 de
1295 398 1453 446 accepta
1464 384 1553 430 luce
1564 384 1643 447 ipla
1652 381 1807 440 judicat
1819 418 1832 437 ,
1852 383 1973 443 seque
1983 383 2108 445 ipsam
2121 381 2322 432 determi-
2371 382 2383 439 3,

697 460 768 492 nat
782 465 792 492 :
820 449 924 507 quin
937 452 979 493 ὃ(
993 449 1249 494 intellectum
1261 450 1394 511 ipsum
1407 450 1507 512 saepe
1517 452 1665 497 excitat
1677 454 1719 495 &
1734 447 1784 495 ad
1796 447 2102 511 percipiendum
2126 447 2321 497 determi-
2381 487 2383 491 -

695 526 780 558 nat.
805 515 1068 575 Praerequirit
1081 528 1218 561 autem
1233 516 1422 562 voluntas
1433 511 1649 561 necessario
1663 517 1803 560 lumen
1818 515 2047 561 intellectus
2056 530 2067 567 ;
2088 514 2195 562 secus
2206 519 2321 565 enim
2372 536 2383 562 x

698 579 741 622 in
768 581 965 640 ignotum
988 580 1163 627 ferretur
1174 615 1187 635 ,
1222 597 1296 626 nec
1308 580 1412 643 quid
1425 581 1504 644 ipsa
1515 579 1711 638 judicaret
1726 582 1787 626 vel
1803 582 1937 636 vellet,
1955 580 2082 627 sciret.
2118 584 2216 628 Imo
2229 601 2322 645 quo

698 643 834 702 major
856 646 899 690 in
922 648 1133 692 intellectu
1145 648 1217 693 lux
1230 645 1288 692 est
1301 681 1314 701 ‚
1349 664 1399 692 eo
1412 646 1568 692 facilior
1579 647 1762 708 sequitur
1773 644 2067 693 determinatio
2080 650 2320 708 voluntatis,
2382 672 2383 677 ¹

698 726 797 756 curn
822 724 915 757 turn
940 712 1166 772 majoribus
1191 712 1242 759 ad
1263 710 1534 772 judicandum
1558 712 1755 760 instructa
1780 712 1829 759 sit
1853 712 2045 777 praefidiis
2064 730 2076 765 ;
2108 713 2322 778 istumque
2382 740 2383 760 ;

700 779 818 822 Deus
842 777 1035 824 ordinem
1059 781 1164 826 inter
1185 781 1489 843 perceptionem
1503 783 1544 825 <Sc
1558 777 1762 839 judicium
1774 778 1993 826 instituerit
2005 814 2018 836 ,
2042 794 2090 826 ut
2101 778 2144 826 hi
2158 783 2321 831 actusse

703 857 855 889 mutuo
869 843 1022 892 ducant
1034 850 1075 891 δε
1087 846 1320 908 sequantur.

767 914 848 957 VI.
874 915 1021 973 Atque
1032 910 1083 958 ad
1096 927 1317 975 utramque
1326 910 1433 958 hanc
1445 910 1675 958 facultatem
1687 911 1946 973 conjunctim
1960 914 2132 976 pertinet
2144 915 2321 964 liberum

483 967 545 1046 ’μζ
559 954 691 1046 Ιῖεἴῖζω-
703 976 934 1029 arbitrium,
947 995 1046 1024 cum
1061 980 1243 1026 uni-versa
1256 997 1370 1026 mens
1381 979 1503 1024 libera
1514 977 1565 1023 sit
1577 1012 1590 1032 ,
1627 983 1669 1024 &
1683 979 1804 1025 libere
1816 993 1921 1041 agat,
1944 978 2112 1040 ejusque
2124 981 2166 1026 in
2180 985 2322 1029 omni..

479 1011 681 1115 &nli-‘afim
703 1041 778 1088 bus
803 1043 880 1089 suis
901 1044 1058 1090 aeribus
1083 1044 1218 1092 fibifit
1232 1048 1401 1093 conscia.
1437 1042 1511 1089 Ad
1534 1045 1788 1091 intellectum
1802 1060 1938 1092 autem
1950 1045 2186 1099 radicaliter,
2214 1049 2323 1099 &ad

344 1150 369 1173 ἡ
481 1121 630 1171 refertur
705 1109 964 1156 voluntatem
977 1110 1205 1159 formaliter
1216 1113 1401 1159 refertur.
1439 1118 1537 1173 Qa
1560 1112 1718 1158 ratione
1741 1146 1753 1166 ‚
1779 1110 1944 1157 homini
1967 1125 2004 1161 τὸ
2029 1125 2224 1170 ‹iungam›
2247 1118 2324 1163 tri-

482 1177 624 1238 liberm?
702 1174 775 1220 bui
799 1175 947 1239 potest,
974 1194 1061 1223 non
1086 1181 1185 1233 Dei,
1210 1178 1276 1226 sed
1288 1180 1458 1226 aliarum
1472 1191 1746 1224 creaturarum
1761 1179 1965 1242 respectu3
1994 1197 2091 1227 cum
2105 1183 2323 1232 actionum

483 1230 590 1271 arbitr
597 1243 678 1269 '‘⁴⁷²''
701 1240 866 1287 suarum
878 1243 957 1305 ipse
967 1242 1162 1292 dominus
1175 1244 1238 1293 fit.

770 1312 871 1356 VII.
899 1309 1124 1360 Definiunt
1134 1313 1310 1360 liberum
1323 1313 1538 1360 arbitrium
1552 1312 1722 1368 Iesuitae,
1737 1329 1844 1374 quos
1855 1314 2059 1360 Sociniani
2072 1318 2113 1361 &
2126 1317 2325 1366 Remom

482 899 543 938 Ad
553 909 685 936 utram·

14 1349 16 1357 ι
140 1354 145 1359 2
532 1333 553 1357 a
583 1331 602 1355 a
613 1333 629 1356 e
643 1331 681 1355 u5

13 1365 43 1434 l)
60 1338 100 1436 f
123 1335 154 1420 f
173 1369 181 1412 l
199 1376 205 1401 ²
220 1354 248 1412 ζ’
264 1304 469 1409 ‘lssll'47'
483 1324 640 1425 {erfizitid
707 1372 874 1422 strantes
886 1376 1127 1438 sequuntur,
1143 1395 1211 1443 per
1223 1378 1560 1431 indifferentiam3
1578 1384 1619 1425 &
1631 1379 1864 1425 facultatem
1877 1377 1952 1427 effe
1963 1379 2122 1436 dicunt,
2147 1400 2229 1445 qua
2241 1381 2325 1430 ho-

485 1432 631 1479 Μῶα·
707 1457 796 1496 mo,
819 1441 959 1505 politis
982 1447 1180 1493 omnibus
1203 1446 1253 1493 ad
1277 1445 1482 1509 agendum
1504 1444 1720 1506 requisitis,
1743 1448 1807 1491 vel
1820 1462 1906 1491 non
1919 1463 2033 1510 agere
2045 1449 2108 1494 vel
2121 1465 2235 1512 agere
2245 1465 2335 1513 pro·

486 1495 690 1580 :zzjigso-
707 1508 842 1556 lubitu
856 1508 994 1572 poffit.
1031 1511 1167 1572 Qod
1181 1512 1209 1559 si
1223 1515 1266 1558 in
1279 1513 1388 1559 sensu
1402 1510 1639 1575 composito
1652 1513 1877 1575 intelligant
1891 1547 1903 1567 ‚
1939 1515 2080 1560 multis
2102 1514 2239 1561 modis
2251 1517 2325 1562 ab-

490 1595 638 1634 ciniano-
708 1573 880 1621 surdum
903 1575 962 1624 est
979 1597 988 1623 :
1013 1595 1111 1624 cum
1134 1581 1239 1626 inter
1261 1578 1456 1641 requisita
1479 1577 1528 1624 ad
1553 1576 1758 1641 agendum
1773 1612 1785 1633 ‚
1823 1595 1911 1624 non
1926 1578 2065 1626 divina
2079 1581 2230 1636 solum,
2257 1580 2326 1629 sed

488 1663 567 1688 rum
580 1661 620 1686 ac
706 1639 830 1704 ipfius
843 1659 1018 1706 quoque
1032 1646 1254 1692 voluntatis
1266 1648 1410 1692 ultima
1422 1645 1710 1692 determinatio
1724 1643 1941 1706 {inquibus
1953 1645 2094 1708 politis
2104 1645 2328 1695 hominem

490 1711 635 1768 Rmmf·
708 1723 794 1753 non
810 1725 926 1772 agere
939 1709 1186 1774 impossibile
1197 1712 1270 1758 est.
1306 1715 1344 1758 Si
1359 1729 1457 1758 vero
1469 1715 1510 1758 in
1523 1712 1632 1757 sensu
1647 1711 1776 1757 diviso
1790 1710 1877 1757 haec
1891 1714 2098 1777 accipiant,
2123 1728 2327 1774 quatenus

480 1760 516 1807 st
517 1775 534 1799 r
536 1772 682 1798 “mum’'
707 1774 788 1837 ipsa
800 1773 964 1823 facultas
978 1777 1272 1833 consideratur,
1287 1797 1396 1840 quae,
1409 1781 1498 1825 licet
1509 1778 1593 1836 jam
1606 1777 1886 1833 determinata,
1910 1779 2065 1842 semper
2074 1793 2210 1826 tamen
2224 1782 2328 1827 libe-

708 1858 751 1887 ra
763 1856 903 1888 manet
917 1877 929 1898 ,
953 1843 1150 1906 aliudque
1160 1848 1241 1891 alio
1253 1846 1349 1891 actu
1363 1844 1529 1891 volendi
1555 1861 1599 1890 ac
1612 1842 1755 1907 agendi
1768 1847 1995 1907 potentiam
2009 1844 2143 1901 habet,
2156 1846 2328 1894 concedi
2382 1852 2383 1855 ’

705 1905 854 1970 potest.
892 1915 1152 1972 Qanquam
1174 1909 1443 1958 indifferentia
1458 1946 1470 1966 ‚
1506 1927 1634 1972 quarn
1659 1908 1761 1956 adeo
1774 1925 1950 1974 crepant,
1976 1928 2062 1957 non
2075 1913 2116 1957 in
2129 1913 2329 1960 omnibus

708 1974 942 2022 actionibus
954 1975 1162 2024 necessaria
1175 1977 1227 2024 fit
1238 1995 1250 2030 3
1279 1995 1375 2024 cum
1391 1979 1526 2040 potius
1539 1975 1839 2022 indifferentem
1851 1982 1893 2022 &
1906 1976 2086 2023 dubium
2098 1976 2186 2033 effe,
2199 1975 2327 2025 assen-

706 2036 884 2101 sumque
894 2057 1093 2106 perpetuo
1105 2046 1298 2091 alternare
1318 2081 1333 2096 Α,
1371 2045 1563 2090 libertatis
1574 2045 1630 2089 im
1635 2042 1829 2106 perseffio
1844 2042 1908 2099 fit,
1930 2048 1971 2089 δι
1985 2045 2006 2089 ἐι
2018 2045 2132 2092 tenui
2145 2061 2188 2091 ac
2201 2043 2327 2094 dubia

704 2104 778 2152 ista
789 2108 983 2170 luce‚qua
996 2126 1111 2156 mens
1123 2113 1393 2174 contingitur,
1407 2110 1698 2173 proficiscatur.

496 2185 604 2225 Liberi
614 2197 677 2223 ar·
776 2177 902 2221 VIII.
936 2175 1224 2223 Commodius
1245 2194 1344 2240 ergo
1368 2176 1580 2231 definitur,
1605 2176 1769 2222 facultas
1779 2175 1925 2239 agendi
1939 2176 2057 2238 quod
2067 2178 2198 2233 lubet,
2223 2195 2329 2242 prae-

492 2243 589 2280 bim'i
608 2236 690 2288 defi.
706 2254 829 2287 eunte
851 2239 1008 2300 judicio
1022 2247 1064 2288 &
1077 2243 1273 2295 confili03
1301 2246 1355 2289 ita
1369 2258 1415 2290 ut
1427 2245 1448 2289 a
1461 2245 1572 2289 nulla
1585 2244 1623 2287 vi
1637 2256 1801 2289 externa
1814 2242 2075 2289 determinari
2098 2261 2174 2290 nos
2186 2245 2329 2292 sentia-

492 2299 575 2337 m'ti‘·
589 2307 685 2335 vera.
708 2321 814 2354 mus.
849 2309 923 2353 Illa
946 2310 1074 2364 enim,
1100 2327 1194 2371 quae
1208 2312 1250 2354 in
1264 2310 1393 2357 brutis
1405 2308 1568 2357 videtur
1593 2322 1677 2373 ᾰξμὴ
1711 2313 1755 2354 δε
1779 2310 1970 2372 impetus,
1997 2326 2084 2355 non
2098 2311 2232 2357 solum
2246 2310 2329 2358 fine

706 2373 796 2420 ullo
820 2373 993 2420 confilio
1014 2375 1086 2430 est,
1110 2376 1177 2422 sed
1202 2392 1253 2421 ne
1273 2377 1464 2423 libertatis
1484 2375 1658 2437 quidem
1673 2376 1867 2423 umbram
1892 2374 2014 2422 habet
2027 2393 2038 2428 3
2063 2393 2160 2423 cum
2173 2378 2330 2425 externi

710 2451 875 2486 tantum
888 2456 1029 2487 motus
1041 2439 1135 2496 fint,
1146 2439 1295 2489 limiles
1306 2443 1470 2499 nostris,
1493 2441 1557 2489 sed
1571 2460 1642 2506 per
1653 2444 1759 2490 solos
1770 2442 1928 2504 spiritus
1940 2443 1991 2488 ab
2003 2442 2174 2501 objectis
2190 2457 2331 2490 motos

713 2505 909 2570 produffi
925 2527 935 2553 :
950 2506 1062 2554 unde
1073 2525 1161 2554 non
1175 2510 1505 2572 §spontaneitate
1517 2512 1763 2572 aliqua‚quae
1777 2508 2004 2573 improprie
2016 2507 2108 2572 ipfis
2119 2509 2329 2564 tribuitur,

710 2570 777 2620 sed
791 2575 964 2621 naturali
977 2572 1201 2621 necesfitate
1215 2579 1482 2638 proveniunt.

497 2657 600 2706 Cusus
622 2649 670 2707 li·
773 2643 853 2689 IX.
887 2641 1005 2690 Huic
1016 2658 1115 2705 ergo
1127 2642 1301 2690 libertati
1310 2656 1528 2707 repugnat,
1556 2659 1655 2690 cum
1668 2640 1871 2692 necessitas
1884 2640 2051 2707 physica
2069 2646 2112 2688 δε
2124 2643 2334 2717 naturalisj

2288 2724 2331 2754 m
2364 2724 2365 2727 ¹

2232 3172 2237 3173 ff
2277 3074 2383 3192 <l
