2367 3142
366 158 660 224 JUDAEORUM
701 175 755 207 IN
791 175 892 208 noc
929 174 1102 207 CAPITE
1138 173 1354 209 ERRORE&
1610 181 1665 225 23,

85 256 134 286 ex
148 241 256 287 tribu
267 239 482 303 Ephraim,
496 243 567 302 qui
580 245 620 287 in
635 243 776 304 praelio
787 255 928 287 contra
941 243 1397 304 Gogumoccubiturus
1410 241 1469 293 fit3
1487 244 1657 289 alterum

83 306 256 352 Davidis
269 306 419 361 filium,
434 308 632 353 victorem
648 321 842 370 perpetuo
857 312 898 353 δέ
912 307 1068 353 felicem
1084 327 1093 352 :
1110 307 1297 367 quod‚ad
1311 309 1487 362 oracula,
1503 325 1595 368 quae
1609 308 1659 354 de

83 385 263 432 utroque
275 370 435 418 Meffiae
449 372 569 427 statu,
583 390 679 418 cum
691 371 856 424 humili,
873 387 963 419 tum
978 374 1174 434 glorioso,
1190 387 1317 434 agunt
1329 407 1341 426 ,
1354 373 1541 421 evitanda
1552 408 1564 427 ,
1586 391 1658 419 ex-

82 438 325 498 cogitatum,
339 443 381 483 &
395 440 625 500 Scriptum,
641 444 679 482 δέ
694 437 1138 500 veterumJudaeorum
1151 437 1274 493 fidei,
1301 441 1375 500 qui
1387 455 1557 485 umcum
1570 452 1659 485 tan-

81 515 173 547 tum
188 501 380 548 Meffiam
393 504 670 565 expefhirunt,
685 504 820 566 aperte
832 504 1066 566 refragatur.

144 571 224 615 IV.
259 572 422 616 Revera
435 582 571 616 autem
585 568 686 615 nihil
710 571 848 631 magni
862 586 904 614 ac
917 569 1046 614 divini
1058 570 1108 614 ab
1120 568 1205 631 ipso
1217 569 1431 631 expe&ant
1446 601 1459 622 ‚
1488 586 1584 615 cum
1596 587 1657 615 re-

79 648 175 694 gem
190 634 321 678 solum
336 647 542 680 terrenum
557 633 1050 697 faciant,quiJudaeorum
1063 649 1226 696 gentem
1242 669 1253 688 ,
1280 634 1371 696 post
1383 637 1556 696 longum
1571 638 1657 681 exi-

78 699 197 749 lium,
223 700 461 745 liberaturus
472 717 483 752 ;
509 700 695 762 ipsisque,
722 703 843 761 paulo
857 713 948 749 ante
961 700 1107 745 mundi
1120 701 1330 745 interitum
1346 734 1357 753 ,
1371 713 1533 751 terram,
1551 715 1657 746 tem-

79 765 196 825 plum
220 781 263 809 ac
286 766 487 827 sceptrum
501 767 619 811 suum
639 765 890 816 redditurt183
921 782 964 810 ac
988 782 1045 826 40
1061 766 1215 810 circiter
1238 781 1366 811 annos
1390 767 1658 826 imperaturus

77 827 140 874 sit.
178 835 287 891 Qae
313 832 434 876 etiam
458 830 550 893 ipfis
572 829 730 877 Meffiae
745 845 842 877 nota
855 847 898 876 ac
910 829 1115 876 charaetcr
1127 830 1182 876 est
1199 850 1208 876 :
1235 847 1320 875 non
1334 830 1525 876 doctrina
1535 834 1658 876 coele-

79 893 162 948 stis,
185 897 247 941 vel
260 897 475 942 miracula:
502 895 743 955 seclfelicitas
754 911 918 943 externa
935 930 946 950 ,
960 897 1054 942 belli
1066 898 1195 958 gloria
1210 931 1220 948 ,
1235 898 1364 958 gentis
1378 897 1563 942 liberatio
1576 901 1656 942 δίε.

80 963 150 1007 Ut
164 958 191 1005 s1
206 963 296 1021 quis
307 963 410 1007 inter
423 978 490 1008 eos
501 964 565 1009 vir
578 962 741 1024 insignis
754 964 929 1008 oriretur
942 996 953 1014 ,
971 964 1045 1022 qui
1057 962 1161 1022 ipsos
1175 963 1339 1006 liberare
1351 996 1364 1015 ,
1387 978 1430 1007 ac
1445 964 1487 1006 in
1500 976 1653 1007 terram

76 1025 266 1072 reducere
280 1024 428 1088 possem
446 1030 510 1073 ille
525 1030 665 1090 procul
680 1027 811 1074 dubio
826 1029 875 1072 ab
887 1027 978 1088 ipfis
989 1044 1063 1090 pro
1077 1024 1223 1072 Messi-a
1238 1026 1515 1088 agnoscendus
1533 1027 1654 1073 foret.

77 1095 138 1138 Ita
150 1091 391 1155 veroJudaei
404 1095 534 1154 palam
546 1096 731 1156 religioni
757 1111 801 1139 ac
811 1094 888 1156 spei
902 1096 978 1139 suae
994 1095 1223 1138 convitium
1237 1092 1418 1138 fecerunt
1431 1109 1442 1143 3
1462 1109 1505 1138 ac
1516 1092 1656 1155 profa-

75 1173 131 1202 no
146 1156 226 1202 isto
249 1157 300 1203 de
312 1156 459 1204 Meffia
471 1173 714 1205 commento
727 1175 898 1205 omnem
924 1159 997 1205 {ibi
1010 1158 1060 1204 ad
1073 1175 1216 1205 verum
1230 1156 1424 1203 Meffiam
1437 1158 1655 1220 agnoscen-

23 1275 26 1287 ί
75 1221 179 1269 dum
192 1221 346 1269 aditum
362 1225 658 1285 praecluserunt.

1678 209 1884 307 Μ.
1909 185 2226 292 ς’]ιίιᾋᾶῗ

141 1292 196 1335 V.
232 1287 364 1335 Unde
387 1307 473 1335 non
497 1293 651 1336 mirum
674 1290 756 1343 est,
784 1308 851 1337 eos
875 1307 947 1336 nec
970 1290 1120 1353 Jefitm
1141 1296 1424 1336 Nazarenum
1449 1305 1526 1351 pro
1548 1307 1648 1337 vero
1674 1309 1724 1333 ιι.
1742 1297 1846 1333 circa

77 1351 226 1399 Meffia
237 1355 448 1417 agnoscere
460 1354 584 1418 posse.
618 1362 733 1402 Cum
748 1371 863 1402 notas
874 1358 970 1408 illas,
983 1373 1083 1416 quas
1094 1358 1135 1400 in
1149 1359 1222 1402 suo
1236 1354 1384 1401 Meffia
1397 1370 1592 1417 querunt,
1606 1358 1647 1401 in
1669 1356 1773 1401 lesum
1786 1358 1871 1388 Na-

25 1416 28 1435 ‘
76 1419 162 1480 ipso
177 1436 262 1464 non
276 1422 495 1467 inveniant.
531 1420 824 1469 Offenduntur
836 1424 943 1467 enim
962 1439 1206 1484 magnopere
1218 1421 1367 1467 humili
1378 1420 1464 1479 ejus
1486 1423 1526 1466 in
1540 1424 1651 1468 terris

22 1515 23 1518 =
76 1484 180 1531 statu
195 1489 236 1530 ὃ(
249 1488 391 1531 mortis
402 1490 668 1541 contumelia,
692 1506 819 1549 quam
833 1489 852 1532 a
864 1503 982 1550 gente
994 1488 1065 1532 ista
1079 1485 1276 1550 perpessus
1287 1487 1356 1533 est.
1383 1493 1497 1533 Cum
1512 1501 1651 1533 tamen

78 1548 166 1596 haec
179 1553 260 1596 veri
272 1550 432 1599 Meffiae
445 1555 582 1615 potius
594 1554 741 1600 indicia
753 1553 830 1599 {int
844 1570 854 1604 3
882 1570 955 1598 nec
968 1552 1075 1615 apud
1089 1552 1412 1617 priscosJudaeos
1426 1555 1651 1615 quicquam

29 1640 31 1644 v
78 1617 271 1662 celebrius
284 1616 332 1663 fit
346 1652 358 1672 ‚
372 1635 496 1679 quam
514 1634 695 1678 Πνψῃῃ
714 1620 838 1679 ’53η
852 1620 997 1665 dolores
1013 1619 1172 1678 Aleffiae.

143 1686 231 1728 VI.
281 1683 416 1745 Qod
446 1687 556 1730 enim
595 1700 782 1746 praeterea
821 1700 960 1730 vatum
998 1683 1265 1744 quorundam
1302 1684 1506 1729 sacrorum
1543 1684 1652 1731 dieta

79 1745 262 1794 adferunt
287 1783 299 1802 ‚
345 1766 530 1810 quorum
568 1749 695 1796 fidem
733 1753 774 1796 in
809 1749 981 1796 Christo
1016 1748 1160 1795 nostro
1181 1752 1398 1812 requirunt
1416 1770 1425 1794 :
1476 1766 1522 1796 ut
1556 1768 1653 1796 cum

80 1814 231 1860 montis
242 1817 383 1877 templi
395 1817 610 1861 elationem
626 1818 741 1878 supra
754 1818 850 1862 alios
863 1832 1005 1860 omnes
1031 1830 1212 1866 monte53
1242 1821 1283 1861 ἃ
1297 1817 1419 1878 longa
1431 1818 1534 1877 pacis
1547 1831 1652 1862 tem-

81 1893 201 1940 pora3
229 1885 270 1924 ἃ
285 1879 460 1927 ferarum
483 1896 852 1942 armentorumque
875 1881 1154 1932 concordiam,
1184 1882 1269 1943 ipso
1282 1895 1472 1943 regnante
1484 1897 1651 1936 canunt,

15 1946 33 1990 ς
81 1946 182 1989 Esai.
202 1962 239 1990 2.
265 1948 375 2008 Hag.
392 1964 431 1993 z.
454 1949 520 1992 illa
535 1947 704 2007 quidem
717 1949 931 2009 aenigmata
944 1952 987 1992 δε
1000 1948 1205 2009 parabolas
1227 1944 1301 1992 effe
1316 1949 1376 1991 vel
1391 1963 1526 1992 coecus
1538 1947 1653 1993 vide-

82 2022 140 2060 at;
157 2012 306 2071 quibus
319 2014 468 2073 partim
480 2011 680 2058 doetrinae
696 2014 718 2058 ὲ
733 2015 863 2058 Zione
877 2011 1117 2075 prodeuntis
1127 2013 1343 2064 celebritas,
1363 2011 1549 2058 Ecclesiae
1562 2015 1654 2075 glo-

1667 1419 1848 1446 zarenumu

81 2075 135 2120 ria
147 2093 188 2121 ac
198 2076 374 2122 latitudo
386 2112 398 2132 ‚
423 2079 694 2138 oentiurnque
707 2080 901 2124 omnium
916 2077 964 2124 ad
977 2078 1131 2123 sacrum
1144 2079 1263 2124 illum
1277 2092 1464 2123 montem
1479 2095 1653 2123 concur·
1685 2098 1687 2100 ’

82 2139 143 2185 sUS
156 2157 167 2192 3
184 2144 346 2203 partim,
370 2115 494 2206 rupto
507 2160 576 2207 per
588 2143 743 2191 Christi
758 2159 938 2192 mortem
953 2146 1046 2190 velo
1060 2143 1304 2190 intermedio
1316 2179 1328 2194 ‚
1357 2144 1590 2204 vocatisque
1602 2143 1653 2189 ad

35 2228 37 2250 τ
82 2205 300 2252 Ecclesiam
312 2211 523 2270 gentibus,
553 2215 594 2255 δε
609 2210 800 2255 ferociam
815 2227 884 2273 per
896 2212 1039 2255 mitem
1056 2211 1267 2271 Euangelii
1282 2209 1507 2254 sermonem
1524 2222 1656 2271 pone-·

36 2327 38 2338 ι
83 2286 123 2315 re
132 2270 240 2331 juffis
253 2308 264 2325 ,
292 2277 547 2336 populorum
561 2277 634 2321 sub
645 2274 817 2321 Christo
830 2293 920 2338 rege
932 2274 1169 2328 concordia,
1183 2280 1224 2319 δε
1238 2275 1395 2336 publica
1411 2275 1557 2319 mundi
1572 2291 1651 2336 pax

83 2351 125 2381 ac
136 2340 247 2398 quies
258 2373 271 2390 ,
297 2337 464 2387 cessante
476 2343 518 2386 in
532 2357 641 2387 nova
654 2340 828 2387 Ecclesia
845 2339 981 2404 Judaei
995 2358 1037 2386 ac
1050 2339 1214 2386 Ethnici
1229 2374 1242 2394 ‚
1265 2341 1543 2399 omniumque
1556 2356 1652 2385 om-

85 2402 181 2447 nino
190 2401 432 2461 hominum,
444 2406 686 2462 discrimine,
700 2405 877 2468 augustis
888 2407 1016 2452 verbis
1028 2404 1262 2452 denotatur.
1287 2403 1422 2466 Qiod
1435 2419 1651 2450 externum

85 2469 188 2514 enim
202 2486 336 2515 rerum
353 2471 503 2518 statum
520 2473 668 2534 speeiat
681 2507 691 2526 ,
727 2472 945 2518 Ecclesiam
960 2486 1052 2517 tum
1078 2469 1269 2516 nondum
1292 2470 1499 2516 laboribus
1510 2472 1652 2515 omni-

87 2531 156 2578 bus
167 2534 403 2584 defunctam
415 2537 504 2584 fore
516 2571 527 2591 ‚
551 2537 615 2584 std
628 2537 802 2584 aestuoso
815 2540 940 2584 veluti
964 2536 1068 2582 freto
1083 2539 1230 2583 iterum
1244 2539 1284 2582 in
1299 2538 1427 2581 altum
1443 2537 1652 2580 resorben-

39 2633 41 2644 ⁴
88 2595 177 2645 dam
189 2635 203 2658 >
230 2619 272 2649 ac
283 2603 426 2652 restare
437 2603 512 2668 ipsi
525 2602 657 2653 adhuc
672 2606 793 2652 altera
804 2604 920 2661 bella,
947 2607 988 2650 &
1000 2605 1123 2667 longa
1135 2620 1272 2650 rerum
1284 2600 1527 2655 discrimina,
1540 2614 1651 2646 ante-

1525 2681 1654 2728 quam
