2435 3212
685 191 779 256 2436
1023 187 1727 236 L112.11.CA1›u·r
1794 187 2019 236 VIII.

468 268 553 326 92⁴3
570 267 673 336 ‘qm‘
758 277 881 321 XIII.
915 274 1037 322 Facta
1063 286 1201 319 autem
1214 270 1273 319 est
1297 284 1408 317 tanta
1420 272 1462 316 in
1475 269 1648 318 homine
1660 289 1711 318 ex
1724 272 1835 336 lapsu
1848 274 2043 329 mutatio,
2054 285 2150 321 tum
2161 278 2324 321 merito-

469 338 612 392 mum-no
633 340 671 363 m
689 349 762 397 rie,
776 340 1006 404 postulante
1019 337 1102 386 hoc
1114 339 1201 386 Dei
1212 336 1386 399 justitia3
1404 351 1499 384 tum
1512 337 1718 401 efficienter
1731 373 1744 394 ,
1768 337 1874 385 dum
1887 353 1974 386 tam
1986 338 2101 388 foeda
2127 339 2324 404 apostasia

465 383 624 488 ᾅέἔαᾬ
689 407 909 454 hominem
934 405 984 453 de
1008 404 1115 452 statu
1127 407 1296 459 evertit,
1338 421 1597 467 omnemque
1609 405 1767 452 bonam
1780 420 1964 452 mentem
1978 405 2053 469 ipsi
2075 409 2320 470 expectora-

468 507 510 531 ex
530 493 638 540 laplis,
692 477 765 521 vit.
805 478 871 521 Ut
896 472 992 519 hinc
1018 470 1068 519 ad
1084 474 1296 536 vulgarem
1308 471 1658 530 objectiunculam
1670 471 1878 536 responfio
1898 487 2028 536 pateat
2042 507 2054 528 ,
2090 472 2320 535 quomodo

468 560 544 585 mm
569 560 642 584 me·
692 543 818 586 unico
830 554 993 604 peccato
1006 553 1119 587 tanta
1132 538 1278 602 strages
1289 536 1375 584 dari
1397 571 1410 593 ,
1449 552 1573 600 atque
1585 538 1769 586 univeria
1782 553 1926 586 natura
1939 541 2152 603 corrumpi
2166 554 2315 602 potue-

469 603 594 640 ritorfe,
643 656 648 661 ,
689 609 776 654 rit?
809 605 927 654 Istud
950 607 1062 652 enim
1087 607 1153 653 vel
1175 606 1341 651 minimi
1364 606 1513 667 peccati
1535 613 1728 652 meritum
1753 604 1836 657 est,
1874 619 1922 652 ut
1947 603 2202 651 hominema
2230 609 2316 653 Dei

469 667 545 694 ‘¹⁴⁰²
570 653 669 704 ‘ffim
689 675 992 720 communione
1004 686 1220 726 amoveat,
1255 669 1460 735 ipfiusque
1484 687 1625 735 pacem
1647 675 1691 717 &
1709 673 1930 718 amicitiam
1945 686 2120 735 rumpat.
2160 675 2317 718 Homo

469 722 576 751 ‘mr'
689 755 828 788 autem
852 754 967 788 extra
990 740 1073 786 Dei
1096 739 1445 785 communionem
1461 736 1643 801 pofitus,
1677 739 1872 799 nullaque
1897 739 1989 783 coeli
2003 740 2093 784 luce
2108 738 2320 786 collustra⁴

688 820 778 862 tus,
818 805 900 853 hoc
923 807 1010 869 ipso
1037 801 1365 868 corruptissimus
1388 802 1472 858 est,
1506 818 1756 866 tantumque
1781 805 1826 850 in
1851 821 1976 850 coeno
1989 804 2062 850 suo
2077 804 2313 859 sevolutam

688 872 879 934 dumque
901 872 1036 936 ipsum
1059 876 1177 919 Deus
1188 887 1241 917 ne
1255 872 1434 917 minimo
1447 869 1619 932 quidem
1634 872 1794 934 aspe&u
1818 869 2012 934 dignatur
2025 905 2037 926 ‚
2064 872 2114 916 ab
2125 889 2176 917 eo
2190 874 2317 920 veluti

689 941 925 1001 neglecms,
962 939 1181 999 omnisque
1205 936 1378 984 coelestis
1401 939 1493 1000 opis
1514 938 1675 993 exsors,
1711 935 1814 983 nihil
1827 953 2001 998 quoque
2013 938 2115 983 boni
2131 937 2317 1000 praestare

689 1004 837 1069 potest.
876 1003 1055 1052 Accessit
1081 1010 1124 1050 δε
1147 1005 1298 1068 peccati
1319 1002 1444 1067 ipfius
1466 1011 1681 1067 gravitas,
1721 1001 1841 1065 quod
1852 1005 2035 1049 immane
2046 1020 2089 1048 ac
2101 1017 2220 1051 atrox
2232 1006 2319 1051 val-

689 1069 742 1117 de
754 1070 834 1117 fuit
847 1106 860 1127 ,
886 1086 1010 1133 atque
1022 1089 1071 1117 ex
1084 1087 1233 1118 eorum
1247 1086 1392 1133 genere
1405 1086 1498 1130 quae
1513 1067 1706 1115 vastantia
1718 1071 1848 1132 vulgo
1861 1070 2133 1133 appell-amum
2154 1084 2200 1117 ut
2212 1087 2312 1135 pro-

691 1139 780 1201 pria
803 1141 845 1184 vi
869 1155 912 1184 ac
938 1136 1114 1186 efficacia
1138 1153 1312 1183 omnem
1335 1134 1588 1182 rectitudinis
1611 1134 1807 1182 habitum
1828 1133 1993 1181 homini
2022 1151 2242 1192 excutere,
2273 1143 2318 1184 &

691 1205 844 1251 mentis
867 1206 1021 1267 apicem
1046 1206 1089 1249 in
1113 1204 1368 1259 contrarium
1392 1200 1564 1265 dirigere
1576 1219 1619 1248 ac
1631 1201 1756 1265 figere
1769 1203 1964 1264 potuerit.
1998 1200 2158 1250 Perfide
2170 1205 2280 1250 enim
2294 1205 2318 1252 ὲ

689 1272 790 1316 Deo
803 1268 971 1322 defecit,
1014 1271 1158 1332 suique
1183 1268 1307 1332 ipsius
1319 1270 1446 1315 veluti
1457 1267 1674 1314 idololatra
1685 1267 1945 1314 divinitatem?
1959 1266 2178 1324 affectavit,
2203 1275 2245 1316 &
2259 1272 2317 1316 se·

690 1334 878 1382 cundum
905 1337 927 1382 a
954 1351 1132 1384 creatore
1154 1337 1197 1382 in
1222 1337 1336 1382 terris
1359 1351 1520 1380 numen
1540 1331 1616 1383 effe
1639 1335 1790 1381 voluit.
1825 1338 1921 1380 Imo
1938 1333 2024 1382 haec
2037 1334 2318 1399 cujuscunque

692 1404 842 1465 peccati
855 1405 964 1449 ratio
973 1402 1044 1450 est.
1080 1404 1192 1449 Sicut
1204 1403 1349 1448 oculus
1360 1401 1469 1448 sese-a
1481 1401 1565 1446 sole
1574 1414 1769 1455 avertens,
1793 1402 1918 1447 unico
1932 1403 2019 1447 ictu
2033 1419 2077 1448 ac
2090 1416 2211 1448 motu
2224 1419 2316 1466 per·

690 1481 832 1530 petuas
845 1468 920 1515 fibi
931 1470 1113 1516 tenebras
1124 1469 1231 1523 facit,
1247 1485 1320 1515 nec
1334 1469 1453 1514 ullius
1464 1468 1631 1514 luminis
1643 1468 1835 1531 particeps
1847 1465 1920 1522 est,
1947 1467 2021 1514 nisi
2034 1469 2168 1514 rursus
2184 1468 2235 1516 ad
2247 1469 2314 1516 so-

631 1593 634 1594 7
690 1534 775 1581 lem
790 1534 964 1582 accedat.
1002 1534 1140 1597 Qod
1152 1536 1381 1599 peccatori,
1405 1537 1502 1582 Deo
1514 1536 1619 1581 irato
1634 1550 1677 1579 ac
1690 1532 2089 1598 avers0‚impoff1bile
2101 1533 2173 1582 est.

474 1597 670 1637 eumima-
758 1605 880 1650 XIV.
916 1605 1009 1649 Hac
1031 1605 1208 1666 imagine
1230 1603 1313 1648 Dei
1336 1599 1518 1664 perdita,
1563 1603 1686 1647 etiam
1698 1599 1892 1646 domini-o
1904 1618 2041 1647 rerum
2053 1615 2317 1650 externarum

471 1657 545 1705 gine
560 1655 621 1690 θεέ
695 1665 831 1714 homo
841 1668 1007 1716 excidit.
1042 1675 1237 1716 Peccator
1249 1670 1360 1714 enim
1372 1666 1497 1714 haeres
1505 1668 1590 1713 Dei
1600 1663 1674 1712 effe
1685 1683 1772 1712 non
1786 1666 2071 1729 potest,neque
2084 1669 2204 1715 bonis
2214 1669 2316 1728 ejus,

473 1712 673 1815 ξῖξίὶῖἓῖ
696 1751 741 1809 ac
755 1733 784 1782 fi
798 1738 944 1782 Deum
957 1734 1032 1782 fibi
1046 1734 1180 1782 adhuc
1193 1734 1397 1781 faventem
1409 1750 1453 1780 ac
1465 1732 1540 1779 fibi
1553 1732 1726 1779 fimilem
1740 1730 1994 1788 haberet‚sese
2006 1735 2154 1781 satiare.
2181 1735 2317 1783 Unde

475 1821 511 1858 m·
527 1819 672 1856 domini·
697 1817 860 1864 impura
883 1800 1048 1848 homini
1072 1803 1215 1847 omnia
1238 1818 1281 1847 ac
1305 1801 1442 1847 vetita.
1481 1803 1634 1846 Omnia
1659 1800 1819 1864 quidem
1825 1815 1933 1863 pura
1940 1804 2070 1863 puris,
2094 1809 2316 1866 inquinatis

473 1887 536 1912 um
550 1885 664 1911 rerum
697 1884 791 1914 vero
805 1874 851 1921 (5
865 1867 1087 1931 infidelibus
1099 1870 1202 1916 nihil
1205 1884 1371 1931 purum.
1410 1867 1490 1913 Sed
1490 1868 1644 1930 polluta
1655 1867 1708 1927 est
1719 1884 1859 1911 eorum<
1871 1873 1919 1920 ὠ
1934 1885 2044 1912 mens
2058 1873 2105 1920 ὠ
2119 1868 2312 1928 conscien-

476 1940 632 1966 ssxtema·
698 1941 772 1980 tia.
808 1936 899 1981 Tit.
921 1952 957 1981 1:
977 1953 994 1981 1
1008 1951 1042 1996 5.
1079 1937 1211 1982 Omne
1224 1951 1318 1979 vero
1330 1934 1441 1997 quod
1447 1951 1524 1978 nan
1537 1950 1588 1978 ex
1587 1933 1673 1995 fide
1684 1933 1750 1993 est,
1767 1948 1975 1996 peccatum
1988 1934 2053 1994 est.
2087 1937 2223 1983 Rom.
2246 1951 2317 1997 14:

475 1996 568 2021 ’κη’
700 2017 722 2045 2
732 2016 766 2061 3.
790 2001 954 2062 ipsaque
967 2018 1105 2048 rerum
1121 2015 1263 2047 natura
1275 2008 1409 2045 invita
1420 1998 1494 2062 ipsi
1507 1999 1638 2045 servit.
1663 2000 1921 2046 Rom.8:20.

762 2068 861 2114 XV.
897 2071 1044 2129 Atque
1065 2070 1134 2120 ita,
1165 2065 1289 2113 instar
1314 2065 1470 2128 dilapsae
1494 2066 1536 2110 in
1550 2066 1699 2110 cineres
1708 2064 1814 2118 facis,
1827 2066 1944 2127 periit
1957 2064 2076 2126 quod
2092 2065 2316 2129 pulcherri-
2364 2124 2367 2129 .

697 2148 821 2178 mum
845 2134 889 2178 in
901 2131 1073 2180 homine
1085 2134 1240 2185 fueram
1265 2149 1338 2178 nec
1349 2126 1585 2193 {quidquam
1594 2129 1677 2189 jam
1691 2129 1862 2193 superest
1875 2129 1949 2177 nifi
1974 2131 2314 2180 infelicisnausta-

694 2199 751 2259 gii
778 2199 925 2246 tabulae
938 2235 951 2251 ‚
990 2205 1034 2246 &
1057 2198 1204 2246 rudera
1228 2196 1422 2260 quaedam
1447 2215 1491 2244 ac
1516 2198 1696 2258 reliquiae
1710 2231 1722 2251 ‚
1760 2197 1889 2242 veluti
1898 2197 1942 2241 in
1953 2199 2112 2258 pictura
2125 2198 2316 2262 fugientis

698 2263 888 2325 imaginis
900 2280 1041 2312 tenues
1051 2264 1248 2327 quaedam
1260 2264 1432 2316 um-brae3
1450 2281 1542 2325 quae
1555 2279 1642 2309 non
1655 2263 1931 2326 magisimago
1944 2265 2027 2309 Dei
2040 2262 2118 2310 dici
2132 2263 2314 2329 possunt,

698 2345 828 2389 quam
842 2333 982 2394 imago
994 2329 1176 2377 hominis
1186 2346 1330 2378 trunca
1342 2328 1426 2389 ejus
1437 2334 1480 2376 &
1493 2327 1688 2377 vetustate
1698 2328 1807 2374 exesa
1818 2329 2019 2391 inparicte
2031 2328 2312 2394 effigies.Qae

694 2394 842 2441 rudera
855 2410 993 2443 tamen
1005 2431 1019 2452 ,
1057 2411 1258 2459 tanquam
1271 2396 1452 2461 pretiosae
1465 2398 1568 2442 olim
1584 2393 1699 2441 vestis
1711 2409 1906 2442 extremas
1918 2411 2009 2440 oras
2023 2431 2036 2447 ‚
2067 2400 2184 2444 Deus
2196 2395 2314 2445 affer..

699 2477 794 2506 vare
815 2467 858 2507 &
873 2460 1063 2526 superesse
1075 2466 1211 2511 voluit
1220 2498 1236 2520 ‚
1270 2476 1318 2509 ut
1329 2479 1378 2511 ex
1391 2464 1438 2510 iis
1447 2464 1610 2526 integrae
1622 2462 1725 2506 olim
1738 2461 1925 2522 imaginis
1947 2460 2171 2522 ptaestantia
2184 2482 2315 2528 agno-

699 2528 875 2574 sceretur
888 2548 898 2575 z
914 2543 1008 2577 tum
1020 2543 1067 2575 ut
1080 2530 1130 2577 ab
1142 2528 1330 2576 humano
1341 2545 1486 2592 genere
1497 2545 1585 2574 non
1597 2528 1733 2574 omnis
1745 2526 1905 2590 prorsus
1930 2525 2058 2573 decor
2069 2546 2112 2574 ac
2126 2529 2314 2578 honestas

698 2593 824 2641 abiret
836 2611 848 2647 ;
876 2612 1024 2643 verum
1046 2594 1151 2643 illud
1178 2597 1291 2643 tenui
1303 2594 1478 2643 istaluce
1491 2593 1542 2642 ad
1556 2595 1649 2643 vitae
1662 2590 1796 2640 officia
1809 2593 2089 2640 &commoda
2101 2610 2283 2644 uteretur
2297 2613 2311 2649 ;

696 2672 828 2723 utque
853 2677 997 2710 contra
1019 2678 1110 2710 eam
1133 2676 1338 2728 peccantes
1362 2679 1412 2710 eo
1438 2663 1566 2726 magis
1587 2658 1865 2711 inexcusabiles
1876 2656 2020 2707 fierent
2036 2679 2046 2707 z
2072 2659 2253 2728 denique
2266 2676 2312 2709 ut

2263 2744 2316 2775 ex
