2394 3197
627 192 675 239 32
950 180 1125 223 Ltn.
1192 181 1616 225 V.CAPUT
1684 178 1875 223 VIII.

625 253 836 302 divinitas:
852 257 989 301 multo
1004 258 1139 302 minus
1151 256 1283 318 quod,
1300 273 1397 302 curn
1415 254 1656 302 Lutheranis
1684 255 1947 316 quibusdam,
1966 248 2214 318 ipsaChristi

628 317 860 366 humanitas
874 356 886 376 ,
911 323 952 366 in
966 323 1131 384 persona
1149 322 1177 372 ἔ
1190 323 1296 382 Ao'yx
1314 322 1519 368 adoranda
1533 320 1605 373 fit3
1623 321 1743 383 quod
1755 321 1861 367 foret
1873 323 2058 384 personas
2074 320 2215 368 discet.

629 401 722 448 pere
735 421 747 441 ‚
775 392 817 433 &
832 386 880 434 ad
894 390 1131 435 Socinianos
1154 386 1520 446 oiv'SrpwwomZ-cgqcc
1550 388 1746 434 accedere.
1781 386 1858 434 Sed
1870 386 2070 448 quodilla
2082 389 2215 450 perso-

631 467 681 497 na
694 487 706 504 ‚
734 470 828 514 quae
843 452 1047 500 mediator
1058 454 1130 509 est,
1154 457 1331 501 omnino
1346 452 1553 500 adoranda
1567 453 1614 501 sit
1628 471 1639 506 3
1666 454 1884 518 ipsumque
1897 468 2049 500 munus
2060 453 2216 500 media-

631 521 789 564 torium
811 519 1001 566 divinum
1026 519 1233 567 honorem
1258 537 1432 583 quoque
1455 518 1637 566 includat
1662 540 1672 566 :
1699 537 1796 566 cum
1822 518 1874 565 ad
1894 535 2015 574 eum,
2051 521 2126 580 qui
2138 519 2216 566 isto

632 600 802 630 munere
814 584 1013 649 fungitur,
1032 602 1160 650 preces
1173 603 1331 640 omnes,
1348 601 1471 648 atque
1483 600 1580 632 vota
1594 585 1782 632 fidelium
1801 587 2021 646 omnisque
2032 585 2216 633 Ecclefiae

633 647 800 697 affectus
811 656 852 698 δε
867 654 999 700 cultus
1010 652 1173 699 tendere
1185 652 1370 699 debeant:
1386 658 1428 699 ὃζ
1442 668 1528 699 non
1544 654 1681 698 minus
1694 651 1808 698 fideli
1820 650 2042 698 redemtori
2055 650 2213 704 nostr0,

633 732 760 777 quam
775 722 943 766 creatori
955 721 1108 765 animas
1120 719 1276 766 nostras
1288 718 1447 766 credere
1460 716 1660 783 poffimus
1673 736 1715 764 ac
1728 717 1960 765 debeamus.

697 786 835 830 XXV.
876 800 911 844 5.
938 784 1110 832 Accedit
1134 784 1317 841 tandem,
1341 800 1542 847 tanquam
1568 783 1740 831 effeetus
1763 783 1887 843 hujus
1900 785 2078 839 unionis,
2100 781 2218 845 quod

619 849 736 909 filius
748 850 915 897 hominis
929 851 1057 898 faetus
1071 851 1234 913 litfilius
1253 857 1353 903 Dei;
1384 868 1471 896 non
1486 850 1726 914 adoptivu33
1748 865 1794 897 ut
1807 852 1909 896 olim
1925 850 2118 896 volebant
2133 847 2216 896 hae—

630 917 767 969 retici,
792 917 1053 981 adoptionarii
1076 918 1191 972 dieti,
1216 917 1440 980 Elipandus
1466 923 1507 963 &
1532 919 1644 964 Felix
1669 918 1955 980 Urgelitanus‚
1988 918 2030 961 in
2044 917 2218 963 concilio

631 981 955 1029 francofurtenli
971 1019 983 1037 ,
1011 985 1082 1029 sub
1096 986 1252 1029 Car-olo
1267 986 1334 1030 M.
1353 990 1409 1030 A.
1424 988 1478 1030 C.
1491 1000 1594 1046 794.
1620 982 1802 1029 damnati
1818 1000 1830 1035 3
1857 981 1923 1029 sed
1937 997 2054 1028 verus
2066 986 2107 1028 δε
2120 997 2218 1045 pro-

632 1049 741 1109 prius
760 1067 768 1092 ε
794 1047 909 1106 juxta
923 1054 1056 1097 Rom.
1075 1052 1114 1096 ὃς
1134 1067 1196 1111 32.
1219 1059 1291 1112 qui
1315 1051 1475 1113 quidem
1495 1057 1648 1112 proprio
1662 1050 1750 1110 filio
1762 1068 1839 1093 non
1847 1056 2043 1112 pepercit,
2063 1048 2139 1106 fid
2146 1064 2215 1110 pro

630 1112 737 1166 nob-ts
759 1115 935 1161 omnibns
959 1119 1125 1162 tradidit
1140 1135 1230 1162 eum
1245 1121 1322 1161 &a
1363 1116 1499 1172 Quod
1522 1115 1666 1160 dextre
1681 1115 1991 1177 intelligendum
2003 1113 2073 1159 est.
2112 1116 2216 1160 Non

630 1181 741 1223 enim
757 1179 891 1226 stride
916 1182 1138 1227 secundum
1154 1180 1379 1227 humanam
1394 1197 1581 1228 naturam
1597 1215 1608 1234 ,
1637 1179 1665 1225 {i
1679 1197 1767 1226 eam
1781 1179 1978 1226 abstraffite
1993 1182 2123 1226 sumas
2137 1214 2148 1235 ‚
2173 1196 2214 1227 ac

633 1244 682 1289 de
695 1245 857 1291 formali
873 1249 983 1294 causa
998 1247 1204 1294 filiationis
1218 1265 1374 1308 quaeras
1386 1284 1396 1299 ,
1436 1249 1623 1310 proprius
1638 1248 1719 1293 Dei
1733 1245 1843 1292 filius
1866 1248 2052 1308 appellari
2067 1245 2211 1308 potest.

634 1310 711 1357 Sed
727 1316 888 1374 proprie
902 1313 986 1359 haec
999 1315 1212 1377 appellatio
1228 1312 1254 1362 ’ᾧ
1273 1313 1528 1371 &aavS-pw'ws
1542 1312 1601 1358 est
1611 1349 1622 1363 ,
1645 1329 1689 1357 ac
1703 1311 1874 1358 Christo
1888 1311 2104 1358 mediatori
2114 1327 2214 1359 con-

635 1379 770 1422 venit:
798 1383 959 1441 proprie
983 1381 1155 1442 quidem
1180 1395 1380 1440 quatenus
1408 1383 1522 1425 Deus
1546 1378 1603 1424 est
1628 1395 1639 1429 3
1682 1377 1748 1424 sed
1773 1379 2067 1438 consequenter
2090 1379 2212 1425 etiarn

634 1457 835 1504 quatenus
858 1444 1039 1491 humana
1053 1463 1169 1492 carne
1181 1444 1344 1491 vestitus
1357 1443 1436 1496 est;
1468 1462 1561 1505 quae
1576 1447 1615 1489 in
1631 1445 1828 1489 unitatem
1841 1445 2020 1507 personae
2038 1457 2208 1506 accepta,

592 1554 594 1557 ,
633 1512 683 1555 ab
696 1509 780 1569 ipso
793 1526 877 1555 non
890 1515 1012 1559 aliena
1025 1545 1035 1564 ‚
1063 1529 1135 1558 nec
1145 1527 1342 1572 tanquam
1357 1524 1547 1556 extranea
1570 1508 1812 1556 considerari
1825 1509 1958 1573 potest
1971 1526 1982 1562 3
2009 1509 2072 1555 sed
2084 1508 2155 1555 ista
2166 1526 2213 1555 u-

414 1917 506 1948 11.ln
518 1921 610 1944 com-

414 1966 613 2002 munimia-

414 2034 452 2057 ηε
473 2020 617 2055 adicimu-

417 2087 492 2112 tum
509 2085 517 2111 2

418 2648 544 2683 detorta
562 2639 586 2678 ἃ

636 1578 761 1621 nione
774 1577 815 1621 in
825 1578 1001 1624 eundem
1029 1577 1235 1624 filiationis
1248 1577 1455 1623 honorem
1471 1582 1513 1622 &
1526 1577 1839 1639 appellationem
1853 1577 1980 1623 venit.
2018 1579 2086 1623 Ut
2098 1579 2213 1622 Deus

635 1639 852 1688 Christum
882 1643 997 1689 homi
1004 1662 1099 1690 nem
1117 1679 1129 1698 ,
1152 1660 1238 1688 non
1251 1657 1449 1704 tanquam
1465 1642 1600 1688 filium
1614 1640 1860 1705 adoptivum
1887 1649 1906 1699 (
1919 1641 1976 1688 est
1989 1644 2099 1689 enim
2113 1640 2212 1688 ado-

636 1710 723 1771 ptio
738 1709 912 1768 persone
927 1725 1123 1756 extranea:
1137 1716 1155 1764 )
1175 1709 1238 1756 sed
1253 1723 1453 1768 tanquam
1466 1710 1683 1771 proprium
1695 1707 1935 1762 confideret,
1949 1713 1991 1753 &
2005 1721 2112 1753 amet
2126 1727 2135 1753 :
2150 1724 2211 1754 ea-

636 1774 816 1832 demque
829 1776 1008 1835 persona,
1023 1792 1115 1836 qua*
1130 1775 1263 1821 homo
1277 1774 1332 1820 est
1345 1773 1610 1836 hominisque
1624 1773 1869 1829 filius‚etiam
1884 1778 1999 1821 Deus
2009 1773 2212 1837 proprius-

636 1856 718 1901 que
733 1842 811 1884 Dii
829 1840 933 1887 filius
945 1842 1101 1888 existat.

706 1909 865 1955 XXVI.
905 1910 1098 1954 Alterum
1126 1906 1392 1970 hypostaticae
1417 1908 1581 1952 unionis
1601 1905 1794 1952 effectum
1820 1905 1891 1957 est,
1919 1906 2210 1970 proprietatum

642 1987 763 2031 atque
774 1976 1016 2019 zdzomamm
1031 1976 1241 2034 utriusque
1254 1988 1406 2020 naturae
1420 1976 1459 2018 in
1474 1972 1611 2018 eadem
1626 1974 1792 2034 persona
1805 1974 2047 2033 conspiratio
2059 1977 2100 2018 &
2111 1990 2212 2019 com-

644 2047 875 2085 municatio.
912 2038 1046 2086 Unde
1058 2039 1107 2085 de
1121 2041 1285 2102 persona
1297 2041 1373 2085 illae
1386 2056 1560 2100 quoque
1574 2038 1847 2100 praedicantur
1862 2058 1870 2084 :
1896 2038 2024 2100 idque
2038 2041 2100 2085 vel
2112 2039 2211 2085 dire·

643 2107 758 2158 (irtus,
783 2122 876 2150 cum
907 2106 1084 2167 personae
1110 2119 1262 2151 naturae
1286 2107 1392 2151 illius
1414 2106 1675 2168 proprietates
1688 2103 1983 2159 adscribuntur,
2009 2105 2031 2149 a
2043 2121 2123 2166 qua
2134 2103 2210 2166 ipsa

640 2185 731 2217 tum
749 2173 993 2234 appellatum
1011 2173 1073 2216 vel
1085 2174 1329 2226 marcatus,
1344 2188 1459 2225 cum,
1474 2171 1495 2215 ἐι
1509 2169 1659 2216 diversa
1672 2186 1812 2217 natura
1825 2170 2100 2222 denominata,
2118 2171 2210 2215 alte-

637 2239 718 2283 rius
730 2252 883 2283 naturae
897 2239 1157 2300 proprietates
1172 2239 1288 2301 gerit.
1324 2240 1442 2283 Prior
1453 2238 1779 2284 communicatio
1792 2238 1904 2282 realis
1916 2253 1927 2288 3
1944 2238 2159 2297 alteraque
2169 2236 2210 2279 in

635 2303 923 2365 praedicatione
944 2300 1202 2365 potissimum
1229 2302 1412 2349 consistit
1427 2339 1439 2355 ‚
1477 2303 1645 2348 verbalis
1668 2303 1876 2365 magisque
1900 2303 2122 2365 impropria
2143 2315 2210 2363 ap-

2257 0 2355 79 w

2298 113 2358 139 *l

2295 153 2356 172 'l

637 2371 772 2430 pellari
796 2369 907 2415 solet.
946 2376 1219 2430 Qanquam,
1247 2368 1276 2414 fi
1300 2368 1617 2415 fundamentum
1643 2370 1804 2430 speeies,
1818 2370 2016 2413 unionem
2031 2366 2212 2430 persona-
2242 2391 2248 2401 ·
2300 2399 2301 2407 ,

636 2438 733 2489 lem,
760 2437 895 2480 omnis
909 2433 993 2481 haec
1007 2435 1241 2496 praedicatio
1255 2438 1365 2481 realis
1378 2434 1448 2481 sit:
1476 2451 1572 2480 cum
1586 2435 1674 2479 solo
1688 2435 1890 2497 loquendi
1905 2433 2036 2480 modo
2050 2431 2211 2479 verbalis

638 2506 679 2546 δε
693 2500 982 2563 synecdochica
996 2500 1058 2554 sit,
1085 2503 1283 2546 nimirum
1298 2501 1439 2562 quoad
1454 2501 1622 2547 diversas
1633 2514 1816 2554 naturas;
1847 2500 1956 2547 unde
1967 2499 2053 2547 haec
2070 2495 2208 2563 praedi-

639 2570 744 2614 catio
758 2570 797 2611 in
812 2581 1005 2612 concreto
1020 2601 1031 2621 ‚
1046 2583 1131 2611 non
1147 2582 1279 2612 autem
1295 2570 1336 2612 in
1350 2567 1551 2614 abstraeto
1564 2569 1779 2630 peragitur.

706 2637 887 2679 XXVlL
926 2636 1216 2695 Corruperunt
1238 2637 1341 2679 hanc
1363 2633 1611 2680 idiomatum
1636 2635 2055 2681 communicationem
2070 2666 2083 2688 ,
2116 2627 2209 2675 acin

2127 2708 2208 2741 rea-
