2419 3132
451 166 1428 216 DELAP·suH0M1N1s.‘
1692 187 1781 232 419

147 246 395 311 qnibusdam
420 245 598 301 videtur,
624 245 847 311 suadetque
859 246 1024 294 homini
1038 251 1209 296 vinculis
1221 247 1304 295 istis
1316 249 1390 294 sese
1401 250 1596 296 extricare
1609 285 1621 301 ,
1649 267 1692 296 ac
1705 251 1779 295 suo

147 316 316 361 arbitrio
329 315 355 360 s
347 313 474 361 uadis
468 330 619 377 ponere
632 347 645 368 ‚
680 330 863 375 cumque
876 317 975 361 Deo
987 317 1115 361 veluti
1127 333 1177 361 ex
1190 316 1276 378 pari
1289 316 1424 360 vivere
1440 334 1450 360 t
1477 314 1597 377 quod
1611 314 1778 378 gustato

145 381 288 429 fruc‘tu
301 382 410 427 illico
424 378 575 441 affequi
590 377 757 442 possint.
793 385 910 427 Cum
925 384 1036 428 enim
1049 384 1192 427 omnia
1204 379 1369 428 homini
1383 379 1564 427 conceffa
1579 380 1657 430 {int
1675 416 1686 437 ‚
1715 382 1778 427 so-

147 450 230 494 lam
243 446 363 503 istam
378 448 567 493 arborem
582 445 743 492 obstare
755 447 838 507 ejus
850 447 1053 503 felicitati,
1091 465 1181 509 quo
1197 450 1334 494 minus
1346 463 1623 494 creaturarum
1638 450 1780 494 omni-

147 531 222 560 um
247 512 446 560 dominus
459 547 471 568 ‚
507 517 548 558 &
574 510 701 558 haeres
713 546 725 567 ,
754 512 989 575 mundique
1012 515 1198 577 princeps
1211 516 1466 577 agnoscatur.
1507 518 1653 576 Itaque
1666 512 1779 561 hunc

145 582 308 627 obicem
335 597 455 643 perru
536 576 707 624 endum.
744 584 836 626 Nec
858 580 931 627 diu
956 579 1280 632 deliberandum,
1297 597 1396 626 cum
1408 580 1567 626 fruetus
1582 579 1682 626 adeo
1696 581 1783 644 spe-

144 648 276 696 ciosus
298 652 340 692 ὃς
356 647 497 692 amabi
516 648 546 691 is
570 643 619 691 sit
633 679 646 699 ,
681 649 724 691 δέ
738 647 856 692 nullo
869 646 1039 693 custode
1052 648 1163 693 ultro
1175 645 1400 709 expositus,
1426 660 1474 692 ut
1486 646 1675 692 credibile
1689 663 1778 692 non

147 712 198 760 fit
211 717 354 760 Deum
367 715 441 758 illo
454 710 671 757 hominem
686 729 816 758 arcere
830 710 999 760 voluisse
1012 731 1023 766 3
1041 711 1149 760 velli
1164 715 1335 761 arcuerit
1348 749 1360 769 ‚
1388 712 1471 759 hoc
1485 715 1657 759 summae
1670 715 1781 760 invi-

144 779 225 830 diae
238 797 282 826 ac
294 780 550 842 impotentia:
564 774 640 823 effe
651 807 664 833 5
701 782 774 840 qui
789 778 1006 826 hominem
1020 781 1134 826 velut
1148 796 1287 842 parem
1301 793 1485 826 metuens
1502 779 1611 826 fatali
1624 778 1698 825 ista
1715 797 1779 824 ar-

143 847 272 900 bore,
296 844 412 892 ·unde
435 846 722 896 immortalitas
745 845 888 909 sperari
911 860 1085 910 poterat,
1098 844 1367 892 interdixerit.
1384 850 1509 892 Cum
1521 862 1622 892 vero
1634 843 1779 893 durius

142 912 579 968 videatur‚Diabolum
595 910 703 973 apud
717 910 935 958 hominem
948 911 1084 960 adhuc
1095 915 1320 976 integrum,
1339 916 1587 959 Deumtam
1599 910 1696 958 diris
1708 914 1773 958 ul-

145 992 290 1043 traque
300 996 471 1025 omnem
486 977 614 1025 fidem
626 977 843 1025 horrendis
854 980 1068 1026 calumniis
1080 981 1273 1043 impetere
1285 979 1442 1031 ausum,
1467 981 1606 1025 omnis
1618 976 1683 1024 hic
1696 979 1776 1025 ser-

144 1064 220 1094 mo
235 1048 372 1112 potius
394 1063 444 1092 eo
459 1045 637 1093 directus
662 1044 851 1100 videtur,
888 1061 935 1092 ut
955 1048 1121 1093 ¹mulieri
1143 1044 1392 1110 persuadeat,
1417 1062 1514 1092 cum
1527 1044 1776 1101 velinvidia,

148 1116 212 1161 vel
236 1128 370 1161 metus
394 1115 435 1158 in
460 1117 608 1159 Deum
631 1111 771 1158 cadere
793 1129 881 1157 non
906 1110 1030 1175 poffit
1043 1147 1054 1167 ‚
1091 1114 1168 1160 tale
1180 1127 1434 1176 praeceptum
1448 1112 1498 1158 ab
1511 1129 1560 1157 eo
1573 1110 1777 1175 proficisci

146 1197 233 1226 non
247 1177 421 1244 potuisse
436 1198 447 1233 ;
463 1177 650 1239 illudque
663 1180 726 1224 vel
739 1195 826 1223 non
839 1179 949 1225 recfte
963 1181 1219 1226 intelleetum
1235 1214 1247 1233 ‚
1281 1181 1347 1225 vel
1360 1195 1447 1224 non
1471 1187 1602 1233 dadam
1644 1179 1666 1223 ὲ
1680 1180 1772 1224 viro

144 1247 219 1312 ipfi
231 1246 428 1294 traditum
445 1242 534 1293 effe.
571 1244 706 1294 Unde
718 1246 854 1301 verba,
869 1253 983 1291 novit
998 1251 1128 1302 Dens,
1143 1243 1317 1307 quidam
1330 1247 1386 1292 ita
1397 1247 1602 1307 accipiunt
1615 1280 1627 1300 ‚
1656 1244 1773 1307 quasi

142 1318 288 1362 Deum
302 1315 434 1378 ipsum
447 1312 847 1363 dierorumsuorum
859 1311 1008 1359 testem
1025 1327 1147 1359 vocet
1160 1330 1171 1364 ;
1188 1311 1382 1359 simulans
1394 1312 1468 1358 sele
1481 1311 1604 1359 videl.
1618 1310 1774 1358 (1οὲὲο-

140 1399 233 1429 rem
246 1383 441 1437 veritatis,
466 1382 626 1442 quique
639 1382 685 1428 in
695 1382 866 1425 nomine
879 1381 961 1425 Dei
973 1380 1192 1440 loquatur3
1208 1380 1431 1442 imaginem
1444 1376 1642 1427 exhibens
1654 1380 1771 1442 pseu-

141 1446 436 1512 dofprophetae
449 1449 555 1496 illius
579 1444 904 1510 quidescribitur
912 1445 1131 1494 habiturus
1142 1464 1295 1494 cornua
1306 1454 1415 1514 agni,
1430 1453 1477 1502 (ἐν
1491 1449 1698 1496 locuturus
1709 1454 1774 1492 in-

136 1516 230 1578 star
241 1516 436 1564 draconis.
463 1521 600 1580 Apoc.
625 1533 685 1579 13:
703 1533 764 1564 11.

210 1585 331 1631 XIV.
366 1586 532 1647 Magno
553 1601 655 1630 vero
668 1597 913 1648 argumento
927 1582 1144 1631 hominem
1158 1582 1358 1639 adoritur,
1383 1582 1487 1630 dum
1501 1583 1635 1647 ipsum
1647 1584 1773 1645 instar

145 1654 226 1698 Dei
228 1652 430 1712 futurum
442 1649 628 1714 spondet,
642 1654 684 1697 in
697 1651 881 1698 inferiori
891 1668 1043 1714 nempe
1055 1649 1137 1697 hoc
1150 1649 1331 1705 mundo,
1345 1652 1473 1712 inque
1483 1650 1568 1709 ejus
1578 1650 1772 1697 dominio

140 1721 189 1762 ἃ
203 1719 446 1781 principatu,
463 1715 505 1763 in
519 1735 624 1779 quo,
638 1720 812 1779 reliquas
824 1720 930 1764 inter
940 1732 1159 1771 creaturas,
1185 1719 1316 1765 veluti
1327 1721 1444 1764 Deus
1457 1716 1619 1780 degeret
1633 1752 1644 1771 ‚
1668 1735 1772 1764 cun-

148 1784 305 1845 &isque
317 1786 532 1848 imperaret
544 1819 557 1839 ‚
585 1783 918 1848 potestatenullis
929 1784 1084 1848 legibus
1097 1783 1295 1847 impedita
1309 1819 1321 1840 ,
1359 1801 1490 1846 quam
1515 1784 1596 1831 sola
1610 1782 1697 1831 haec
1709 1802 1772 1830 ar.

138 1850 227 1895 abor
238 1849 431 1898 haetenus
443 1853 597 1899 morari
609 1850 850 1898 Videbatur:
875 1853 1061 1912 itemque
1081 1851 1369 1915 respectu-vitae
1383 1848 1619 1898 beatiffimae
1636 1868 1680 1897 ac
1691 1854 1774 1898 im-

140 1919 344 1973 mortalis,
368 1935 496 1979 quam
509 1917 669 1964 fruetus
680 1916 804 1977 hujus
816 1918 900 1966 esus
912 1916 1157 1964 ostentabat.
1197 1924 1309 1981 Qae
1323 1918 1590 1981 appellatione
1601 1919 1773 1965 scientiae

142 1983 247 2029 boni
261 2001 304 2030 ac
316 1986 438 2040 mali,
465 1982 548 2031 hoc
561 1983 634 2039 est,
655 1985 854 2031 liberrimi
869 1983 918 2031 ad
931 1987 1075 2029 omnia
1088 1985 1257 2037 arbitrii,
1286 1984 1492 2045 statusque
1506 1985 1613 2030 cons
1606 2001 1771 2031 umma-

137 2048 285 2096 :tlfflmi
299 2056 341 2097 δε
353 2052 622 2098 immutabilis
636 2086 648 2104 ‚
685 2050 736 2097 ad
749 2068 877 2113 quern
893 2067 965 2097 nec
979 2064 1206 2114 peccatum,
1233 2067 1307 2098 nec
1319 2068 1447 2104 error,
1463 2067 1536 2097 nec
1548 2068 1665 2098 mors
1682 2067 1775 2114 per-

137 2118 299 2179 tingere
322 2132 445 2179 queat
456 2154 468 2170 ,
509 2117 806 2180 significantur.
841 2117 999 2179 Istique
1023 2118 1078 2162 rei
1103 2117 1403 2179 consequendae
1429 2118 1619 2164 arborem
1634 2118 1767 2171 istam,

138 2181 193 2229 ad
218 2201 348 2244 quam
373 2183 594 2248 disputatio
618 2183 706 2231 haec
729 2187 1006 2249 peragebatur,
1022 2183 1240 2239 monstrat,
1255 2202 1348 2246 quae
1363 2184 1581 2231 fruetuum
1595 2203 1772 2248 quoque

141 2250 450 2314 pulchritudine
474 2265 638 2297 tantum
651 2252 816 2297 bonum
828 2250 1026 2316 spondere
1038 2249 1254 2298 videbatur
1267 2268 1278 2304 ;
1295 2268 1490 2312 -cumque
1504 2255 1650 2298 Deum
1663 2251 1715 2299 de
1726 2270 1772 2299 ea

142 2316 300 2377 aliquid
322 2315 485 2365 edixisse
508 2317 710 2364 constaret
724 2353 736 2373 ,
771 2320 835 2364 vel
860 2318 942 2366 hoc
965 2318 1051 2381 ipso
1066 2317 1267 2377 majorem
1282 2316 1494 2380 singularis
1508 2318 1676 2378 alicujus
1689 2322 1773 2365 vir-

143 2385 242 2429 tutis
266 2382 394 2431 fidem
416 2384 598 2432 faciebat.
634 2388 781 2446 Atque
804 2383 886 2432 hoc
907 2384 1076 2432 tandem
1089 2383 1258 2442 objeero
1271 2384 1422 2430 fascino
1437 2383 1654 2432 hominem
1669 2386 1772 2432 infa-

134 2452 288 2503 tuavit,
306 2456 347 2497 &
359 2451 441 2510 jam
454 2450 1009 2515 lapsantem*impulit,deque
1022 2450 1127 2497 statu
1140 2452 1213 2496 suo
1228 2451 1392 2514 prorsus
1404 2449 1562 2510 dejecit.

211 2520 308 2566 XV.
346 2523 404 2563 Et
415 2520 519 2565 vidit
531 2521 693 2574 mulier,
719 2521 828 2582 quod
837 2520 940 2565 bona
953 2519 1039 2581 effes
1050 2517 1170 2564 arbor
1181 2526 1221 2563 in
1233 2517 1383 2573 cibum,
1399 2525 1446 2571 ὅ)
1460 2519 1571 2580 quod
1578 2520 1772 2583 cupiditas

136 2584 229 2646 effi’t
240 2587 377 2640 oculis,
392 2591 440 2638 ὠ
452 2584 642 2632 amabilis
655 2584 774 2631 arbor
787 2587 842 2631 ad
854 2585 1180 2646 considerandum
1197 2604 1206 2630 ι
1233 2593 1281 2638 &⁰
1294 2592 1444 2648 accepit
1453 2587 1500 2631 de
1503 2587 1652 2645 fruffiu
1665 2585 1769 2643 ejus,

134 2658 194 2705 ,ὠ
217 2653 383 2700 comedit
394 2685 408 2709 ,
433 2658 481 2707 ὠ
504 2653 612 2699 dedit
635 2660 759 2701 etiam
783 2660 872 2699 viro
875 2654 950 2712 sito
953 2652 1109 2713 ficum,
1126 2658 1173 2704 ὠ
1188 2652 1372 2708 comedit,
1403 2668 1490 2699 vers
1506 2661 1547 2699 6.
1574 2653 1773 2700 Allubuit

1065 2720 1109 2764 G
1125 2734 1192 2782 gg
1225 2735 1254 2783 2⁷
1694 2717 1770 2782 ipfi

1795 1580 1937 1631 Effic‘lus

1791 1636 1999 1680 tentationis>

1808 1693 1984 1732 IRANS-

1798 1758 1993 1788 omissio.
