2367 3142
386 173 461 219 DE
509 187 706 219 MUNERE
752 174 965 221 Cmusrt
1015 189 1355 224 SACERDOTALI.
1617 200 1670 244 71

83 269 167 315 quae
177 255 218 296 in
231 253 332 298 coelis
345 286 356 305 ,
383 267 472 299 tum
486 270 569 316 qaae
580 260 623 298 in
637 254 752 300 terris
767 255 884 314 sant.
908 254 1008 300 Col.
1026 273 1062 302 1:
1081 272 1148 302 20.
1176 257 1306 325 Qod
1326 262 1440 304 Deus
1453 262 1494 304 in
1523 262 1674 321 Christo

24 347 26 351 ν
83 318 284 365 mundam
284 318 362 378 fibi
374 322 661 370 reconciliavit,
694 338 771 365 non
784 327 987 384 imputans
999 324 1083 385 ipsis
1098 324 1227 385 lapflzs
1240 323 1424 386 ipsorum.
1450 341 1489 371 z.
1508 330 1610 373 Cor.
1636 344 1672 387 5:

87 382 106 431 i
114 402 158 443 9.
193 389 259 430 Ac
270 384 429 431 duabus
441 387 622 447 partibus
635 386 918 431 absolvebatur
937 404 952 432 1
962 421 972 431 .
985 389 1176 450 Sacrificii
1190 393 1475 447 immolatione,
1498 397 1542 438 δε
1558 410 1595 439 2.
1610 401 1673 438 in-

81 451 317 511 terceffione:
344 468 437 512 quae
451 456 493 497 &
506 454 650 498 veteris
665 450 875 499 sacerdotii
889 466 1016 516 partes
1027 468 1154 501 erant.

146 519 227 563 IX.
261 522 493 565 Immolatio
518 516 675 565 Christi
687 520 746 564 sui
758 517 881 581 ipsius
905 519 1063 566 oblatio
1073 535 1170 572 erat,
1188 537 1232 566 ac
1246 522 1400 585 proprii
1411 523 1611 585 sanguinis
1623 526 1667 570 li·
1705 536 1862 567 IMMO·

81 584 209 638 bado,
224 600 351 644 quern
361 589 625 649 perspiritum
638 602 827 632 aternum
840 588 1318 640 obtulit‚immaculatum
1331 593 1433 642 Deo,
1449 592 1667 653 purifican-
1696 602 1806 633 LATI
1815 604 1860 634 O·

80 665 161 696 tem
175 651 424 711 conftientias
435 652 599 713 nostras.
623 653 756 699 Hebr.
771 669 816 710 9:
837 668 903 713 14.
938 653 1033 699 Ubi
1047 651 1239 700 Christus
1249 652 1373 700 fimul
1385 655 1570 702 sacerdos
1581 691 1594 713 ,
1626 663 1669 703 &

80 717 264 770 vidiima,
278 720 320 762 &
333 719 456 764 altare
467 718 560 765 fuit.

143 785 196 828 X.
233 785 426 831 Sacerdos
437 783 517 832 fuit
527 784 644 845 juxta
656 797 878 845 utramque
891 797 1095 836 naturam,
1130 802 1227 831 cum
1243 788 1357 833 acius
1369 784 1435 834 hic
1460 789 1670 851 θεωνθξω-
1692 786 1727 822 in
1737 800 1804 838 qua
1817 789 1873 838 {1⁷st

0 870 7 896 ε4
77 848 196 894 σηκὸς
209 847 345 902 fuerit,
365 852 567 914 praecipua
578 865 715 898 tamen
729 849 879 897 divinae
895 865 1050 898 naturae
1063 851 1262 914 dignitate
1271 870 1316 898 ac
1331 853 1402 898 usu
1417 870 1429 905 ;
1462 857 1537 915 qui
1549 855 1669 919 spiri·
1688 841 1855 891 sacerdos,

76 918 216 963 tusille
225 931 389 963 aeternas
402 915 474 971 est,
498 933 708 980 perquem
723 916 901 980 seipsum
915 918 1082 965 obtulit.
1118 919 1252 964 Hebr.
1272 937 1315 977 9:
1342 936 1407 980 14.
1440 923 1546 966 Non
1561 924 1672 969 enirn

1 986 6 1009 ³
75 983 118 1027 in
144 981 354 1029 sacerdotii
380 980 504 1041 hujus
526 981 736 1029 honorem
760 984 969 1031 latronum
985 986 1126 1036 turba,
1151 986 1370 1048 quiipsum
1383 988 1494 1032 cruci
1506 985 1672 1036 suffixe-

0 1070 4 1075 ·
76 1062 189 1101 runt,
205 1050 342 1094 venire
354 1049 502 1113 potest.
545 1047 764 1113 Qicquid
775 1051 886 1095 enim
909 1051 984 1096 illis
1004 1049 1197 1097 Christus
1208 1053 1250 1097 in
1275 1054 1430 1099 sacrum
1444 1052 1562 1099 suurn
1581 1072 1672 1101 cor·

0 1132 6 1161 ;
75 1131 151 1178 pus
162 1115 384 1179 permiserit
397 1150 409 1172 ‚
422 1116 504 1179 ipse
515 1116 623 1164 solus
635 1117 815 1162 animam
831 1116 1064 1171 suam‚nulli
1076 1115 1305 1164 hominum
1319 1119 1547 1166 obnoxiam
1561 1156 1573 1173 ,
1595 1137 1673 1185 po-

74 1181 212 1237 suit,&
223 1184 387 1245 propria
400 1184 615 1231 voluntate
629 1183 732 1246 patri
743 1182 912 1229 obtulit.
949 1187 1086 1230 Nemo
1101 1186 1206 1230 tollit
1217 1201 1308 1231 eam
1320 1182 1346 1230 a
1360 1203 1439 1240 me,
1445 1186 1519 1245 sed
1527 1206 1592 1254 ego
1603 1190 1672 1234 de-

3 1272 6 1285 ÷
70 1265 170 1312 pono
184 1267 274 1296 eam
281 1265 355 1312 per
366 1268 427 1296 me
441 1248 578 1315 ipsam.
598 1247 704 1314 Joh.
725 1265 791 1294 10:
813 1250 878 1296 18.

141 1316 220 1362 XI.
255 1317 428 1363 Vmima
452 1317 635 1362 maxime
659 1314 737 1361 fuit
761 1312 985 1360 secundum
1009 1312 1237 1361 humanam
1249 1331 1456 1364 naturam.
1492 1320 1670 1368 Oblatio
1693 1329 1834 1369 viHima

74 1383 185 1428 enim
199 1390 365 1447 corporis
379 1383 525 1444 Christi
539 1383 761 1446 appellatur
773 1382 906 1428 Hebr.
925 1397 993 1428 10:
1013 1397 1079 1427 10.
1110 1386 1355 1444 1.Pet.2:24.
1385 1387 1471 1430 Cui
1483 1385 1672 1436 divinitas

52 1470 53 1473 ¹
74 1450 252 1512 pretium
268 1453 311 1496 δε
321 1451 505 1496 valorem
518 1450 710 1495 contulit.
737 1451 854 1494 Cum
868 1463 954 1493 non
968 1445 1150 1493 hominis
1161 1447 1391 1506 cujussibet,
1404 1450 1469 1496 sed
1484 1457 1564 1499 Dei
1575 1453 1665 1500 fue.

74 1515 127 1561 rit
138 1517 386 1583 illeffinguis,
401 1517 476 1577 qui
487 1513 753 1569 fundebatur,
770 1515 870 1560 Λᾶ.
880 1515 1025 1560 20:28.
1042 1512 1177 1561 Unde
1189 1532 1295 1561 unus
1301 1532 1376 1580 pro
1387 1517 1569 1565 omnibus
1582 1539 1667 1566 mo-

74 1588 111 1627 ri
122 1584 274 1644 potuit,
307 1600 345 1628 2.
359 1586 462 1629 Cor.
485 1598 521 1640 5:
544 1598 609 1642 15.
634 1580 785 1642 eosque
794 1587 905 1628 unico
916 1581 988 1625 illo
1002 1580 1192 1627 libamine
1203 1584 1377 1644 expiare,
1402 1584 1534 1631 Hebr.
1541 1603 1569 1643 9
1579 1596 1666 1634 226.

0 1672 13 1694 s
75 1649 190 1695 Nam
214 1649 280 1695 ille
304 1647 462 1695 Christi
486 1646 739 1709 θωωὲςώπε
763 1663 896 1702 amor,
922 1645 1110 1708 illudque
1135 1649 1286 1694 amoris
1299 1651 1548 1712 martyrium
1562 1655 1666 1700 tanti

6 1735 7 1738 ¹
74 1713 264 1778 profesto
288 1729 371 1763 erat
382 1751 395 1768 ,
423 1729 471 1761 ut
493 1713 727 1761 humanum
751 1730 878 1778 genus
907 1713 1143 1760 universum
1165 1719 1207 1761 δε
1230 1717 1424 1778 ampleffi
1450 1721 1491 1762 δι
1515 1718 1664 1766 salvare

74 1782 269 1844 potuerit.

140 1851 242 1895 XII.
278 1849 445 1895 Altaris
470 1861 605 1894 autem
621 1864 716 1894 cum
742 1845 894 1910 duplex
909 1847 1010 1893 olim
1025 1848 1115 1894 usus
1128 1847 1256 1900 foret,
1285 1862 1379 1895 tum
1394 1849 1658 1897 vifflmarum
1681 1851 1856 1901 &ahaim

77 1929 210 1961 carnes
222 1913 557 1966 sustinendi‚tum
570 1913 1019 1976 easdemtconsecrandi3
1044 1931 1134 1974 quo
1147 1916 1364 1976 praesertim
1380 1916 1483 1978 ignis
1503 1916 1605 1963 sacer
1617 1920 1661 1963 in

78 1997 141 2026 ara
154 1995 350 2044 perpetuo
364 1982 565 2027 excubans
577 1980 744 2026 faciebat
758 1999 767 2025 :
792 1981 917 2042 priori
933 1981 1111 2043 respeetu
1125 1982 1245 2026 altare
1258 1980 1380 2040 hujus
1392 1981 1569 2028 sacrificii
1583 1984 1662 2030 fuit

34 2039 37 2064 Σ
78 2062 192 2101 crux,
205 2048 247 2092 in
261 2064 389 2109 quam
402 2045 592 2093 Christus
594 2049 759 2108 fiarsum
770 2049 995 2107 elatusfm't
1008 2081 1020 2100 ,
1049 2064 1084 2093 1.
1099 2051 1184 2092 Pet.
1201 2064 1239 2093 2:
1259 2064 1328 2109 24.
1352 2047 1586 2095 Secundum
1601 2068 1663 2096 re·

79 2112 260 2174 spe6hun
285 2115 364 2175 ipss
387 2112 470 2173 ejus
483 2115 674 2163 divinitas'
689 2118 731 2158 &
745 2114 907 2176 spiritus
922 2128 1096 2159 aeternus
1109 2111 1295 2159 sustinuit
1309 2145 1320 2164 ,
1359 2116 1433 2175 qui
1446 2117 1661 2161 vietimam

79 2175 183 2224 hanc
194 2180 440 2227 consecnavit
453 2179 682 2240 divinisque
696 2178 874 2226 flammis
886 2179 1082 2232 accendit,
1097 2180 1226 2224 Hebr.
1232 2197 1344 2240 9:14.
1373 2184 1463 2244 Qi
1472 2185 1659 2246 perspiri-

81 2259 169 2290 tum
181 2247 421 2307 aeternumft
435 2247 556 2309 ipsum
573 2245 1047 2301 obtulit‚immaculatnm
1064 2251 1167 2292 Deo.
1185 2245 1356 2309 Joh.17:
1368 2264 1382 2291 1
1391 2251 1474 2304 9.E
1479 2264 1494 2292 t
1502 2265 1572 2310 pro
1585 2251 1666 2312 ipfis

38 2327 41 2350 *
79 2328 143 2375 ego
146 2310 344 2373 stmft'ifico
359 2330 423 2357 me
433 2312 570 2374 ipsttm·
609 2314 763 2373 thue
775 2311 868 2358 duae
883 2314 985 2356 olim
1000 2313 1041 2356 in
1065 2314 1222 2372 templo
1236 2329 1311 2357 arae
1326 2327 1438 2358 erant
1452 2347 1464 2367 ‚
1493 2330 1571 2359 una
1586 2331 1664 2377 pro

81 2377 270 2438 viffimis,
284 2378 408 2424 altera
421 2393 498 2440 pro
510 2376 711 2424 odoribus
726 2397 735 2423 t
754 2379 807 2424 ita
822 2392 1042 2437 utramque
1054 2380 1095 2422 in
1110 2375 1267 2423 Christi
1281 2377 1475 2424 sacrificio
1491 2382 1662 2442 reperire

40 2438 43 2503 J
81 2441 150 2488 est.
189 2447 294 2488 Non
306 2446 418 2489 enim
431 2445 564 2490 solum
587 2458 747 2506 peccata
762 2442 900 2489 nostra
922 2444 972 2488 ab
986 2459 1035 2488 eo
1049 2445 1204 2506 expiata
1216 2445 1308 2490 sunt
1320 2478 1332 2499 ,
1364 2459 1410 2491 ut
1423 2444 1661 2503 stmfforum
1731 2484 1736 2488 .

82 2515 220 2555 animae
231 2510 544 2572 requiesceresub
559 2514 683 2556 altari
696 2513 755 2556 illo
769 2509 939 2555 suaviter
953 2507 1118 2571 poffint,
1138 2513 1273 2572 Apoc.
1291 2518 1331 2557 6:
1346 2528 1388 2568 9.
1403 2510 1513 2558 conf.
1528 2513 1661 2559 Hebr.

88 2590 147 2634 13:
163 2592 230 2621 10.
264 2575 331 2622 sed
344 2581 386 2622 &
398 2592 529 2639 preces
540 2575 691 2622 nostrae
704 2611 716 2631 ,
751 2577 801 2622 ab
813 2577 899 2638 ipso
913 2574 1169 2622 sanfflficatae
1183 2580 1226 2622 δε
1239 2575 1381 2623 odorae
1394 2576 1560 2624 redditae
1573 2613 1585 2629 ,
1617 2579 1659 2622 in

87 2640 210 2688 altaris
220 2642 325 2688 illius
349 2644 456 2689 aurei
467 2641 588 2690 fumo
601 2643 708 2689 reeta
718 2644 760 2689 in
774 2644 932 2690 coelum
945 2655 1059 2689 cunt.
1094 2646 1150 2689 Et
1166 2645 1273 2691 alins
1286 2647 1448 2709 angelus
1460 2651 1570 2692 venit
1586 2676 1597 2696 ,
1613 2652 1662 2697 &-

1574 2726 1660 2754 (073⁶
