2394 3197
0 6 601 22 *mv——ff‘

470 311 543 348 Loci

420 891 573 933 Familia.

427 1147 564 1185 Matris.

631 242 690 274 20
987 226 1163 269 Liss.
1231 226 1654 269 V.CA1›u-r
1716 225 1825 266 VI.

696 306 777 349 ΙΙΙ.
814 305 949 348 Natus
970 304 1092 348 etiam
1117 301 1174 347 est
1187 303 1258 347 illo
1272 305 1367 353 loco,
1395 317 1521 361 quem
1537 299 1711 346 Proheta
1725 300 1924 347 Michaeas
1935 303 2080 348 Mariae
2094 318 2219 364 puer-.

632 371 758 432 perio,
787 385 831 415 ac
844 370 1025 414 Domini
1037 367 1166 414 nostri
1178 369 1306 421 cunis,
1329 381 1393 413 tot
1407 368 1555 412 saeculis
1567 380 1660 412 ante
1674 365 1962 428 designaverat.
2000 373 2068 413 At
2082 384 2129 414 tn
2142 374 2212 414 Be..

632 435 806 481 thlehem
829 434 1058 498 Ephratah,
1081 451 1214 496 parva
1238 452 1290 489 es,
1313 449 1362 479 ut
1370 435 1427 492 fis
1454 440 1557 478 inter
1578 434 1763 491 familias
1789 433 1915 496 Judae
1929 440 1948 479 ?
1972 450 2025 479 ex
2049 449 2087 479 te
2111 435 2211 481 mihi

628 500 798 563 prodibit
807 501 957 563 judex,
973 516 1020 545 ut
1018 503 1075 560 fit
1087 501 1309 546 dominator
1320 506 1360 544 in
1376 500 1537 560 Israesse,
1552 502 1670 562 cujus
1683 499 2004 562 egreffionesfimt
2016 499 2069 544 ab
2081 507 2209 555 initio,

633 568 658 610 ἐι
673 566 954 623 diebussaeculi.
977 582 1064 629 cap.
1081 581 1117 624 5:
1140 584 1174 612 1.
1198 567 1291 613 Ubi
1306 579 1422 611 natus
1438 565 1551 628 Jesus
1563 563 1711 616 noster,
1727 581 1812 623 non
1825 562 2013 610 humano
2026 563 2210 618 confilio³

635 630 701 677 sed
713 633 872 678 occulta
886 646 1013 678 manu
1024 631 1268 678 ducentibus
1279 631 1380 682 fatis,
1397 647 1440 676 ac
1451 628 1623 676 Christo
1637 631 1837 676 nascituro
1850 629 2117 677 diversorium
2131 648 2215 677 me-

637 697 829 743 tantibus.
874 702 991 745 Exiit
1004 706 1108 744 enim
1131 699 1302 744 edibiam
1314 696 1339 741 ὰ
1355 698 1499 757 Caesare
1514 696 1698 762 Augusto
1720 717 1805 729 --
1822 702 1869 750 &¹
1884 696 2055 754 ascendit
2068 697 2217 760 Joseph

639 770 687 817 θ’
700 768 851 808 Maria
863 772 901 808 in
914 771 1125 810 civitatem
1136 765 1295 817 David,
1309 781 1390 825 quae
1403 777 1574 808 vocatur
1587 762 1827 809 Bethlehem.
1853 766 1956 808 Luc.
1972 778 2010 807 2:
2030 779 2047 808 1
2057 798 2066 807 .
2094 766 2220 810 Nunc

640 843 776 876 autem
790 828 936 875 frustra
949 832 1012 876 ille
1025 833 1138 876 locus
1151 832 1193 875 in
1210 828 1345 891 Iudaea
1359 842 1622 888 quaereretur.

708 899 787 942 IV.
822 898 957 942 Natus
968 895 1111 943 itidem
1124 895 1181 942 est
1195 897 1217 941 ὲ
1230 897 1340 943 tribu
1356 895 1480 959 Juda
1495 909 1618 956 atque
1632 894 1653 940 ὲ
1671 894 2016 955 Davidisfamilia
2031 928 2043 948 ‚
2057 894 2122 939 cui
2133 907 2220 940 tan-

643 975 708 1008 tus
732 963 835 1007 olim
859 959 987 1007 haeres
1012 961 1300 1008 destinabatur.
1339 960 1474 1023 Qod
1485 960 1585 1006 adeo
1602 959 1813 1019 ἐξαγώνιον
1828 959 1900 1013 est,
1920 975 1966 1005 ut
1980 959 2221 1025 necipsiJu-

644 1026 721 1073 daei
735 1026 986 1089 refragentur
1000 1062 1012 1083 ‚
1040 1030 1114 1089 qui
1126 1029 1256 1092 ipsum
1264 1034 1530 1092 propinquum
1544 1034 1666 1092 regni,
1680 1025 1721 1072 h.
1737 1042 1771 1071 e.
1786 1027 1902 1088 regiae
1918 1024 2048 1090 stirpis
2060 1043 2221 1073 ramum

646 1094 892 1157 appellitant.

711 1163 767 1206 V.
801 1158 1083 1221 Tandemque
1107 1177 1158 1206 ex
1181 1161 1423 1206 intemerato
1447 1165 1613 1224 virginis
1629 1155 1719 1203 {inu
1732 1190 1744 1211 ‚
1769 1155 1968 1219 purissimi
1981 1157 2102 1204 instar
2116 1157 2227 1207 floris

641 1226 962 1288 progerminavit
974 1261 986 1278 ‚
1016 1240 1062 1272 ut
1085 1228 1207 1272 Esaiae
1219 1228 1436 1271 oraculum
1451 1224 1753 1286 agnosceremus
1769 1242 1778 1267 t
1816 1227 1916 1271 Ecce
1927 1231 2038 1288 virgo
2051 1233 2227 1289 concipit,

647 1298 694 1344 (9⁷⁹
706 1292 972 1354 paritfilium,
990 1299 1038 1345 ὢν
1051 1292 1209 1338 vocabit
1221 1311 1361 1337 nomen
1375 1295 1462 1354 ejus
1476 1291 1720 1341 [mmanuel,
1737 1288 1780 1335 id
1792 1288 2080 1343 est‚nobiscum
2095 1295 2227 1341 Deus.

644 1372 731 1418 cap.
747 1375 789 1417 7:
809 1373 874 1416 14.
902 1359 999 1404 Ubi
1011 1357 1061 1403 de
1075 1356 1233 1404 Meffiae
1252 1357 1273 1402 ὲ
1287 1358 1470 1419 virginali
1485 1371 1601 1402 utero
1615 1369 1761 1401 exortu
1775 1357 1837 1417 agi
1852 1390 1863 1408 ‚
1889 1372 1966 1401 nec
1979 1355 2229 1420 ipfisJudaeis

647 1423 752 1467 olim
777 1424 1015 1485 ignoratum
1040 1423 1132 1469 fuit.
1168 1426 1433 1472 Recentiores
1444 1436 1581 1468 tamen
1610 1420 1789 1483 magistri
1803 1422 2024 1482 praenobile
2035 1421 2116 1468 hoc
2129 1425 2228 1470 vati·

648 1489 804 1533 cinium
827 1504 999 1551 carpere,
1024 1506 1151 1550 quam
1176 1504 1339 1553 patrum
1364 1491 1533 1534 suorum
1560 1486 1686 1533 fidem
1702 1487 1828 1547 sequi,
1852 1504 1896 1533 ac
1920 1485 2078 1534 Meffiae
2102 1490 2230 1553 elogia

650 1555 860 1615 agnoscere
884 1556 1057 1601 malunt.
1093 1558 1197 1603 Haec
1209 1557 1318 1602 enim
1343 1556 1524 1618 ipsorum
1549 1554 1733 1615 exceptio
1755 1551 1837 1603 est3
1865 1570 1963 1598 cum
1976 1555 2056 1615 regi
2069 1553 2229 1617 [ignum

651 1621 897 1682 propinquae
920 1621 1166 1667 liberationis
1178 1619 1418 1668 exhibeatur
1430 1655 1442 1675 ‚
1468 1636 1554 1665 non
1571 1619 1621 1666 de
1632 1620 1868 1681 longinquo
1882 1617 2039 1665 Meffiae
2053 1635 2149 1666 ortu
2161 1637 2229 1666 co-

650 1684 867 1747 giraudum
881 1702 892 1737 3
909 1702 980 1731 nec
994 1685 1046 1732 de
1060 1685 1218 1733 Meffiae
1233 1701 1374 1741 matre,
1400 1703 1443 1732 ac
1457 1685 1601 1731 divino
1614 1684 1697 1742 ejus
1710 1697 1825 1746 partu
1840 1718 1851 1738 ‚
1885 1683 1950 1730 sed
1961 1683 2011 1730 de
2023 1684 2228 1748 prophetae

653 1766 783 1796 uxore
796 1767 808 1803 3
827 1768 897 1797 nec
912 1750 1014 1797 adeo
1028 1751 1077 1798 de
1091 1755 1246 1815 virgine
1261 1787 1273 1806 ,
1287 1752 1353 1798 sed
1367 1752 1416 1798 de
1429 1751 1646 1815 conjugat&
1659 1785 1671 1804 ‚
1689 1753 1920 1796 sermonem
1934 1747 2011 1796 esse
2025 1771 2034 1796 :
2061 1768 2156 1797 cum
2168 1753 2230 1798 illa

652 1818 773 1862 etiam
800 1818 910 1862 vocis
925 1801 1075 1881 UD‘Q?
1098 1820 1278 1881 acceptio
1290 1818 1352 1865 fit.
1389 1820 1479 1879 Qi
1503 1816 1694 1863 sublestus
1718 1818 1835 1862 color
1860 1815 1932 1862 est.
1968 1810 2082 1863 Nam
2101 1835 2136 1864 1.
2149 1834 2232 1864 non

653 1881 824 1928 insolens
839 1887 932 1928 Deo
944 1883 1002 1928 est
1017 1918 1028 1938 ‚
1053 1887 1282 1947 ingentium
1299 1881 1594 1946 promissorum
1612 1884 2012 1928 commemoratione
2021 1885 2230 1929 minorum

655 1946 782 1993 fidem
801 1947 1027 2001 adstruere3
1056 1952 1273 2012 praesertim
1289 1951 1360 1995 ubi
1373 1949 1528 2006 majora
1542 1951 1606 1994 illa
1617 1947 1698 1994 fine
1711 1950 1925 1993 minorum
1941 1947 2024 1994 fide
2037 1965 2123 1995 non
2135 1965 2232 1995 con-

653 2013 812 2060 fistunt.
851 2021 961 2077 Qae
975 2017 1180 2077 praesentis
1194 2018 1275 2063 loci
1287 2018 1390 2062 ratio
1403 2015 1474 2062 est.
1509 2019 1624 2061 Cum
1639 2016 1748 2059 enim
1774 2011 1939 2060 Meffias
1951 2015 1973 2060 ὲ
1986 2017 2090 2078 regia
2102 2017 2232 2062 Davi-

651 2079 713 2125 dis
732 2079 851 2143 stirpe
862 2082 960 2125 oriri
974 2083 1077 2127 olim
1098 2081 1261 2128 deberet
1275 2116 1286 2135 ‚
1312 2080 1440 2143 idque
1453 2080 1625 2127 durante
1636 2082 1700 2125 illa
1715 2081 1940 2142 republica;
1974 2080 2232 2127 manifestum

651 2145 721 2197 est,
743 2163 814 2191 nec
827 2149 1116 2199 terramillam,
1132 2149 1196 2193 cui
1211 2150 1368 2209 prolixe
1381 2147 1485 2195 adeo
1503 2151 1599 2195 Rex
1613 2145 1755 2191 Achaz
1771 2147 1989 2198 metuebat,
2005 2148 2047 2191 in
2062 2145 2230 2208 potesta-

650 2228 736 2258 tem
761 2210 946 2258 hostium
959 2215 1120 2274 prorsus
1137 2213 1358 2260 concedere
1370 2248 1383 2269 ‚
1397 2231 1469 2260 nec
1483 2212 1665 2259 domum
1681 2210 1924 2258 Dividit-am
1941 2214 2098 2274 penitus
2113 2214 2234 2259 extir-

651 2280 736 2339 pari
751 2274 937 2339 potuisse.
976 2281 1067 2337 Qi
1080 2282 1230 2326 oraculi
1255 2280 1366 2326 istius
1378 2280 1520 2342 scopus
1530 2293 1625 2324 erat.
1661 2282 1718 2325 Et
1732 2294 1866 2323 revera
1881 2280 2066 2324 maximo
2081 2279 2234 2344 illoJu-

651 2342 773 2389 daicae
798 2346 928 2405 gentis
941 2342 1139 2407 promisso
1152 2381 1164 2397 ,
1192 2363 1237 2392 ac
1248 2347 1373 2392 veluti
1388 2347 1563 2408 peculio,
1587 2347 1630 2390 in
1645 2345 1765 2390 rebus
1775 2342 1911 2390 dubiis
1925 2361 1968 2390 ac
1982 2345 2121 2406 asperis
2134 2361 2232 2391 con-

652 2408 680 2454 fi
688 2411 808 2453 rmari
832 2412 999 2471 piorum
1024 2414 1148 2457 animi
1172 2428 1258 2457 non
1284 2413 1503 2474 vulgariter
1525 2424 1726 2473 poterant.
1763 2413 1878 2455 Cum
1893 2409 2039 2455 exinde
2050 2410 2123 2456 sese
2136 2414 2234 2458 Deo

651 2476 902 2537 peculiariter
925 2494 1030 2522 curae
1055 2476 1129 2523 effe
1158 2476 1354 2524 aestimare
1378 2479 1468 2523 satis
1494 2473 1664 2536 poffent.
1716 2493 1753 2521 2.
1779 2480 1940 2522 Contra
1961 2477 2003 2521 in
2031 2476 2234 2539 prophetae

653 2557 830 2586 uxorem
846 2543 1020 2587 vaticinii
1033 2543 1145 2589 istius
1160 2543 1320 2606 pondus
1333 2560 1419 2588 non
1434 2544 1637 2606 congruis
1655 2558 1750 2587 cum
1765 2557 1852 2586 non
1866 2558 2064 2604 magnum
2079 2541 2236 2606 signum

655 2606 718 2659 sit,
733 2609 944 2652 mulierem
959 2607 1010 2654 dc
1024 2612 1114 2655 viro
1133 2612 1322 2672 accipere,
1345 2615 1387 2655 &
1404 2626 1553 2671 parere.
1593 2612 1683 2654 Nec
1696 2609 1737 2652 in
1750 2606 1884 2653 filium
1898 2606 1982 2666 ejus
1994 2606 2146 2655 cadunt
2157 2610 2238 2654 elo-

655 2674 720 2734 gia
732 2671 804 2719 ista
817 2678 1097 2732 lininmiii'lis,
1122 2693 1166 2722 ac
1181 2682 1347 2725 Domini
1362 2691 1470 2723 terrae
1482 2677 1610 2728 illiu53
1643 2690 1736 2736 quae
1750 2675 1876 2720 altero
1899 2674 2027 2737 capite
2042 2672 2238 2738 Propheta

2153 2737 2239 2785 sub-
