2419 3132
446 179 1341 228 DnPEccA-ro.
1651 198 1733 245 431

116 276 304 330 praeterea
310 271 462 328 peccati
473 265 656 327 appellat,
687 280 728 310 v.
749 261 818 319 2'1‚
833 280 897 326 23.
923 263 1058 325 deque
1070 277 1234 327 peccato
1248 263 1342 319 isto,
1368 276 1415 310 ut
1427 261 1536 309 duro
1548 262 1742 320 domino,

118 332 402 391 conqueritur,
428 329 547 392 quod
572 331 706 393 ipsum
729 332 816 394 lege
828 348 870 376 ac
883 331 1059 393 imperio
1072 330 1146 375 suo
1159 331 1286 376 veluti
1297 328 1571 376 constriGtum
1584 345 1743 383 teneat3

120 394 322 459 quodque
344 394 494 442 divinae
518 397 611 459 legi,
635 412 729 457 quae
754 413 928 442 omnem
952 396 1320 459 concupiscentiam
1337 409 1470 451 vetat,
1494 399 1745 442 contrariam

50 457 54 462 ’
118 464 242 508 veluti
265 460 578 524 concupiscendi
599 463 733 524 legem
758 461 869 510 ferat.
909 465 1066 524 thue
1090 460 1142 507 de
1168 463 1310 525 primis
1321 463 1507 509 motibus
1517 479 1613 508 eum
1625 479 1743 525 ,agere

116 530 401 590 intelligamus,
428 530 578 590 peccati
601 527 713 574 istius
736 527 948 575 blanditias
970 545 1014 573 ac
1038 528 1236 574 illecebras
1251 526 1379 581 addit,
1406 528 1560 589 sequea
1577 543 1742 592 peccato

119 594 200 641 isto
212 592 315 641 trahi
328 611 371 640 ac
384 592 515 640 seduci
529 596 583 640 ait
593 630 604 646 ,
625 611 665 641 v.
685 612 701 640 1
714 612 729 640 1
739 629 749 640 .
773 597 933 641 Caetera
944 595 1054 640 enirn
1069 607 1227 658 peccata
1238 595 1513 640 committunt
1535 593 1742 649 homines,

120 664 192 709 ubi
203 661 290 721 jam
302 659 454 706 sedufti
468 661 573 707 sunt.
613 659 750 721 Qod
763 677 864 707 vero
875 658 927 706 de
939 661 1220 706 involuntario
1232 660 1460 715 causantur,
1484 658 1526 706 id
1539 662 1641 707 tanti
1654 677 1743 706 non

120 728 178 776 est
192 747 201 773 τ
220 744 315 773 nam
329 727 450 789 primi
465 728 525 771 ini
536 741 692 781 motus,
720 732 763 772 &
775 729 982 790 surrepens
995 726 1219 772 oblectatio
1233 760 1246 781 ,
1260 742 1504 787 quanquam
1516 724 1742 773 deliberato

116 812 161 842 ac
186 794 402 840 maturiori
413 793 636 839 voluntatis
647 792 840 839 consensu
853 808 1012 840 careant
1024 828 1034 844 ,
1065 808 1202 854 neque
1224 792 1270 838 iis
1283 794 1442 838 animus
1454 790 1528 838 diu
1539 793 1742 838 immore-

118 877 185 910 tur
197 896 209 916 ,
233 859 396 920 istisque
408 860 450 903 in
464 857 698 905 sordibus-se
710 860 870 906 volutet
882 892 896 914 ‚
933 857 999 904 sed
1023 857 1074 904 ad
1099 859 1285 921 primum
1297 875 1437 905 earum
1450 859 1650 904 attachm
1662 875 1742 922 po-

121 930 198 975 tius
208 925 423 973 exhorreat
435 929 477 970 δε
488 924 685 989 refugiam
714 941 801 970 non
815 924 1408 988 tamenprorsus-involuntarii
1426 959 1439 979 ,
1466 941 1511 971 ac
1525 923 1607 970 fine
1618 928 1741 971 omni

120 994 338 1040 voluntatis
363 992 451 1037 labe
474 991 566 1038 sunt
579 1009 590 1043 3
617 1009 714 1037 cum
740 988 933 1054 ipliffima
956 992 1149 1037 voluntas
1160 989 1214 1037 lit
1227 1007 1321 1052 quae
1334 992 1595 1054 concupiscit,
1626 990 1743 1050 cujus

119 1061 323 1124 integritas⁴
344 1059 480 1105 saltem
504 1058 583 1104 levi
608 1056 758 1103 assensu
784 1063 825 1103 &
852 1070 976 1104 motu
997 1055 1225 1109 delibatum
1255 1057 1375 1118 quod
1388 1074 1439 1104 ex
1450 1057 1531 1120 ipsa
1544 1059 1743 1121 concupi-

119 1128 271 1183 scentiae
294 1121 541 1178 titillatione,
565 1141 608 1169 ac
633 1122 787 1169 blando
801 1124 927 1179 sensu,
940 1140 1030 1185 quo
1044 1125 1109 1169 vel
1122 1123 1195 1169 sub
1207 1125 1391 1186 primum
1404 1125 1537 1169 ictum
1551 1125 1747 1170 animum

117 1194 360 1258 permulcet,
377 1191 554 1255 patescit.
590 1188 666 1236 Est
689 1204 826 1236 autem
849 1188 952 1236 illud
976 1190 1111 1235 solum
1134 1190 1464 1236 involuntarium
1479 1190 1503 1234 a*
1514 1204 1679 1252 peccato
1691 1192 1744 1236 li·

114 1262 280 1310 berum„
292 1256 750 1320 quod‘involuntarium
763 1255 821 1302 est
833 1273 903 1319 per
915 1251 1412 1319 nolitionempositivam,
1435 1272 1535 1302 cum
1548 1253 1683 1302 homo
1695 1259 1739 1302 in

119 1327 290 1374 externis
313 1325 468 1371 actibus
491 1326 580 1370 vim
606 1325 779 1387 patitur3
818 1339 904 1369 non
919 1337 1063 1370 autem.
1073 1319 1175 1368 1llud
1188 1321 1308 1384 quod
1321 1323 1398 1370 tale
1410 1320 1470 1369 est
1480 1339 1550 1386 per
1569 1324 1741 1370 nolitio-

116 1411 211 1440 nem
226 1393 455 1455 negativam
481 1424 493 1445 ,
529 1407 626 1436 cum
640 1404 709 1435 aut
721 1386 836 1435 cessat
849 1391 1051 1435 voluntas.
1061 1389 1182 1443 velle,
1206 1403 1276 1435 aut
1288 1391 1330 1434 in
1343 1389 1453 1434 lueta
1465 1390 1571 1436 inter
1583 1405 1739 1435 concna-

119 1460 352 1525 piscentiam
365 1473 408 1504 ac
420 1457 542 1504 bonae
557 1458 780 1504 voluntatis
791 1470 960 1511 motus,
995 1471 1084 1501 non
1107 1468 1203 1502 toto
1231 1452 1382 1502 affensu
1394 1457 1539 1502 intem
1553 1457 1737 1518 aliquam

116 1528 257 1575 fertur.

74 1588 78 1594 ’
180 1596 279 1640 ΧΠ.
318 1588 515 1639 Effe&us
526 1592 676 1656 peccati
701 1592 792 1638 sunt
805 1589 848 1637 hi
861 1605 952 1646 tres,
981 1609 1017 1639 1.
1032 1591 1229 1645 macula,
1248 1607 1286 1637 2.
1302 1604 1447 1643 reatus,
1477 1607 1511 1653 3.
1525 1607 1661 1654 poena.
1758 1596 1905 1633 Pectat?

181 1658 299 1706 XIII.
342 1663 525 1706 Macula
538 1660 687 1722 peccati
698 1657 756 1704 est
769 1659 948 1721 pollutio
960 1659 1026 1704 illa
1038 1658 1264 1722 spiritualis,
1280 1674 1362 1720 qua
1375 1659 1527 1712 anima,
1540 1658 1736 1722 corrupta
1754 1652 1897 1703 effeetus.
1921 1710 1925 1717 Ι
1948 1713 1957 1721 ·
2416 1689 2419 1695 -

122 1743 164 1773 ac
175 1724 301 1772 deleta
313 1727 396 1772 Dei
408 1727 585 1788 imagine
596 1759 608 1780 ,
625 1727 745 1770 omni
757 1723 918 1771 honore
931 1742 975 1771 ac
987 1739 1138 1770 ornatu
1150 1724 1224 1770 suo
1237 1725 1404 1788 spoliata
1415 1722 1474 1770 est
1486 1740 1499 1776 3
1515 1737 1653 1787 atque,
1672 1726 1737 1771 in-
1758 1722 1782 1744 ¹·
1796 1705 1960 1748 ‘Mamm'
2412 1737 2419 1791 3

118 1789 417 1839 trorsumfoeda
430 1808 472 1837 ac
485 1792 628 1854 turpis,
642 1807 728 1836 non
742 1790 863 1837 habet
873 1792 1153 1854 quoamplius
1162 1792 1333 1837 creatori
1346 1792 1419 1836 suo
1433 1791 1584 1853 pIacere
1595 1789 1737 1855 posfit,
2415 1815 2418 1818 Δ

65 1911 67 1913 ,
117 1857 181 1904 sed
206 1856 430 1906 immundo
455 1859 593 1921 potius
617 1857 703 1902 visu
731 1855 1000 1904 sanctiffimos
1010 1856 1096 1917 ejus
1107 1854 1455 1904 oculosoffendit.
1498 1858 1736 1904 Talisenim

116 1923 352 1971 deformitas
375 1928 418 1970 δε
440 1925 572 1971 vilitas
595 1925 637 1968 in
661 1923 806 1969 anima.
822 1957 836 1978 ,
886 1922 1121 1987 postquam.
1138 1922 1305 1987 pristina
1330 1921 1636 1986 pulchritudine
1661 1940 1733 1988 per

116 2005 326 2052 peccatum
338 1988 504 2046 excidit,
517 1992 658 2035 locum
671 1988 806 2036 habet.
848 1991 976 2056 Qod
983 1990 1185 2054 egreditur
1197 2009 1247 2037 ex
1259 2008 1324 2036 ore
1337 2024 1349 2045 ‚
1373 1991 1443 2037 hoc
1449 1992 1596 2053 polluit
1608 1991 1738 2037 homi·
2408 1991 2419 2023 =³

116 2076 220 2104 nem.
255 2054 413 2104 Matth.
431 2072 496 2121 15:
518 2074 583 2103 11.
622 2056 1070 2115 Ouifhrdet,sbrdeftat
1081 2061 1267 2120 amplius.
1301 2061 1442 2121 Apoc.
1457 2073 1525 2103 22:
1543 2074 1604 2104 11.
2415 2023 2419 2084 l

178 2127 298 2173 XIV.
332 2121 442 2171 Inest
467 2139 565 2169 vero
589 2104 1430 2185 effibestumaffionibus,quatenusillae
1455 2132 1604 2183 aemalae
1624 2123 1737 2170 suam
1758 2121 1915 2186 inherens

114 2188 279 2246 habent,
302 2207 376 2236 nec
391 2188 441 2235 ad
453 2192 596 2235 Deum
612 2187 895 2235 decorandum
909 2189 1002 2236 sunt
1014 2223 1027 2244 ,
1062 2205 1158 2237 tum
1170 2191 1293 2236 etiarn
1322 2191 1524 2253 praecipue
1535 2189 1736 2237 facultati-
1756 2177 1948 2220 afflontbm-

113 2255 190 2301 bus
212 2262 253 2303 δι
278 2255 497 2310 habitibus,
520 2257 564 2301 in
589 2255 739 2317 quibus
753 2256 903 2301 vitium
916 2272 960 2301 ac
973 2254 1145 2303 dedecus
1156 2254 1267 2302 istud
1281 2254 1443 2302 firmius
1453 2254 1584 2302 haeret,
1592 2272 1636 2302 ac
1646 2272 1736 2320 per·
1756 2230 1930 2326 32⁴3?

115 2337 266 2370 manet.

178 2392 276 2437 XV.
311 2390 548 2450 Oriturque
560 2386 655 2434 inde
666 2388 848 2451 respectu
862 2390 949 2435 Dei
963 2390 1155 2437 aversatio
1167 2394 1209 2436 δε
1224 2390 1494 2441 ahominatiO,
1511 2390 1586 2451 qui
1595 2398 1735 2454 purior
1752 2386 1842 2423 unde
1856 2390 1924 2451 orfi-

111 2455 164 2515 est
176 2459 454 2518 oculis,.quam
468 2470 515 2501 ut
528 2455 855 2509 malumw'deat,
870 2456 982 2502 Hab.
1003 2475 1041 2502 1:
1060 2475 1121 2519 13.
1135 2456 1404 2503 Abominatio
1418 2461 1586 2502 Domini
1597 2455 1656 2501 est
1668 2474 1730 2502 rc·
1753 2453 1814 2533 'Z
1822 2445 1890 2479 ω’

114 2524 326 2576 trocedens,
351 2526 474 2567 Prov.
492 2538 526 2582 3:
543 2538 607 2582 32».
632 2525 675 2566 &
687 2521 869 2583 respec‘tu
883 2520 1078 2575 hominis,
1096 2540 1144 2569 ex
1162 2525 1257 2569 mali
1273 2521 1386 2568 istius
1399 2522 1641 2569 conscientia
1655 2538 1731 2585 pu·
1752 2510 1799 2589 ςέο
1817 2510 1952 2590 mix}

113 2584 193 2632 dor
205 2606 248 2633 ac
261 2600 406 2634 metus.
442 2591 584 2652 Qem
606 2594 731 2653 igitur
747 2588 940 2647 frustum
952 2586 1164 2635 habebatis
1178 2605 1276 2636 tnnc
1289 2606 1340 2635 ex
1351 2596 1411 2644 iis,
1438 2606 1735 2652 quorumnam
1753 2575 1858 2656 „isgue
1866 2616 1933 2656 pa«

110 2656 343 2718 uospudet?
367 2656 564 2716 namfinis
577 2655 732 2700 illorum
749 2670 854 2700 mors
869 2654 943 2714 est..
970 2658 1108 2704 Rom.
1124 2665 1164 2704 6:
1183 2673 1260 2703 21„
1752 2660 1819 2698 dor-
1836 2672 1882 2699 ω·-

1429 2725 1550 2775 XVI.
1586 2726 1737 2771 Remus
1751 2729 1868 2755 ΝΜ*
