2394 3197
452 608 622 652 Generalis

682 251 733 298 18
1058 247 1856 296 L13.V.CAPUTV.

671 327 817 384 cludit,
844 345 888 374 ac
900 326 1134 391 postremos
1150 327 1210 371 bis
1223 325 1335 370 mille
1347 339 1475 368 annos
1487 319 1645 367 Meffiae
1661 338 1786 384 regno
1800 324 1955 371 tribuit.
1991 325 2146 389 Estque
2158 328 2258 387 haec,

674 410 723 442 ut
739 397 812 440 alia
826 393 1009 457 ipsorum
1023 406 1271 455 praeteream,
1286 390 1522 434 communis
1536 386 1643 450 apud
1657 389 1745 432 illos
1758 389 1960 445 sententia,
1977 393 2166 454 impletos
2177 394 2259 453 jam

678 457 756 508 effe
769 476 912 505 omnes
926 460 1124 504 terminos
1137 491 1147 510 ,
1175 473 1247 501 nec
1260 453 1424 501 aliunde
1441 453 1674 499 universum
1691 457 1922 563 njgotiums,
1951 475 2077 518 quam
2092 460 2111 504 ἒι
2125 465 2258 524 poeni-

1899 523 2161 584 .>5Jv=s<1··

1650 601 1706 629 aec
1718 587 1858 630 omnia
1868 588 2076 649 excipiunt
2086 625 2098 640 ,
2131 605 2256 651 quam

679 527 804 572 tentia
818 525 1019 584 bonisque
1032 523 1223 584 operibus
1237 519 1474 582 dependere.
1503 511 1669 628 trino?

1516 599 1605 630 ntra
1630 601 1646 628 1

749 595 851 638 VII.
886 594 991 635 Non
1006 587 1115 634 aliud
1128 601 1263 633 autem
1277 586 1451 631 crebrius
1464 602 1512 631 co

452 668 637 707 iudeorum
683 654 847 702 Meffiae
862 655 1101 718 adventum,
1117 668 1328 713 utcunque
1341 650 1640 714 postulantibus
1652 652 1782 711 ipsum
1797 651 2031 713 prophetiis,
2043 673 2086 700 ac
2098 669 2257 705 tantum

451 722 593 767 exceptio

445 774 594 824 sublata.

683 738 771 768 non
792 722 1000 767 laborante
1022 733 1088 766 tot
1112 719 1378 764 oraculorum
1404 715 1500 770 fide,
1522 730 1689 778 propter
1704 730 1859 777 peccata
1871 715 2024 764 differri
2037 754 2049 773 ,
2066 735 2159 766 tum
2175 724 2264 778 sua‚.

680 801 774 834 tum
798 788 1017 850 praesertim
1042 802 1135 845 quae
1159 783 1331 842 majores
1353 782 1411 827 sui
1436 783 1509 827 sub
1523 796 1697 841 utraque
1708 780 1841 826 domo
1855 786 2146 833 commiserint.
2184 789 2255 836 Ad

681 852 801 914 quod
816 852 1121 915 respondemus.
1162 868 1197 896 1.
1211 854 1247 895 A
1254 851 1292 910 gi
1305 847 1371 894 hic
1386 864 1471 893 non
1486 846 1537 894 de
1548 846 1630 892 hoc
1643 847 1703 891 vel
1719 848 1790 892 illo
1807 851 1997 895 vaticinio
2011 853 2254 907 obscuriore,

678 919 743 965 sed
770 920 963 963 omnium
988 915 1283 979 prophetarum
1297 931 1341 959 ac
1366 912 1672 976 prophetiarum
1689 910 1792 965 fide3
1823 931 1915 974 quae
1932 915 1981 961 ad
1996 915 2106 963 hunc
2119 914 2257 966 termi-

676 1001 780 1030 num
804 1000 947 1029 omnes
969 983 1171 1045 speffitant‚
1196 980 1392 1040 faetoque
1415 979 1634 1029 consensu,
1660 994 1747 1022 uno
1761 996 1903 1025 omnes
1915 981 2084 1035 ore,hoc
2099 983 2256 1032 Meffiae

673 1066 863 1113 regnum,
896 1050 1213 1110 sequentemque
1235 1044 1421 1091 Ecclefiae
1446 1061 1489 1089 ac
1513 1042 1660 1089 mundi
1682 1041 1849 1099 statum,
1876 1063 2040 1094 canunt.
2069 1053 2136 1096 Ut
2148 1042 2258 1098 nulla

676 1117 869 1161 universae
894 1113 1118 1177 propbetiae
1133 1110 1336 1158 certitudo
1350 1127 1393 1155 ac
1408 1112 1548 1156 veritas
1561 1108 1740 1171 superfit,
1760 1109 1788 1155 si
1804 1113 1843 1155 in
1859 1110 1940 1157 hoc
1952 1116 2078 1176 capite
2094 1151 2105 1167 ,
2132 1117 2251 1178 &quo

675 1182 830 1241 reliqua
854 1182 995 1225 omnia
1017 1177 1263 1242 dependent,
1290 1194 1334 1222 ea
1357 1192 1442 1220 non
1466 1175 1691 1237 praestetur.
1728 1179 1796 1223 Ut
1818 1177 2006 1224 leviadeo
2020 1184 2254 1244 exceptione

676 1247 892 1292 transmitti
915 1245 1001 1291 haec
1025 1262 1111 1289 non
1133 1243 1318 1289 debeant.
1357 1258 1395 1288 2.
1420 1245 1510 1286 Nec
1524 1245 1651 1292 Deus,
1680 1241 1709 1287 si
1723 1242 1827 1303 quid
1841 1244 1940 1288 boni
1953 1246 2054 1290 olim
2069 1247 2254 1308 promisit

677 1313 836 1373 populo
852 1318 874 1365 ‚'
890 1312 947 1356 ob
960 1325 1114 1373 peccata
1127 1311 1231 1354 illius
1244 1324 1430 1369 unquam
1444 1306 1658 1353 intermisit
1670 1324 1681 1358 3
1699 1321 1744 1353 ut
1757 1325 1806 1353 ex
1819 1308 2039 1356 illustribus
2051 1329 2101 1357 ex
2111 1316 2252 1378 AEgy.

677 1392 753 1439 pto
768 1394 812 1422 ac
825 1378 1039 1440 Babylone
1049 1376 1297 1422 liberationis
1310 1374 1502 1436 exemplis
1512 1387 1641 1435 patet3
1658 1389 1783 1434 quam
1800 1391 1895 1419 cum
1910 1377 2032 1438 longe
2045 1393 2148 1433 ante,
2184 1379 2253 1426 ad-

679 1442 775 1488 ditis
798 1459 1003 1488 annorum
1027 1443 1158 1504 spatiis
1169 1457 1212 1486 ac
1223 1441 1419 1491 numeris,
1447 1438 1694 1501 praediceret,
1708 1456 1793 1484 non
1809 1442 1912 1487 ultra
1924 1445 2146 1489 terminum
2162 1462 2253 1491 mo-

680 1522 788 1554 ratus
810 1507 884 1560 est,
911 1509 975 1557 sed
998 1509 1084 1570 ipso
1106 1523 1312 1553 annorum
1339 1504 1423 1551 fine
1443 1502 1635 1566 promiffa
1658 1504 1723 1551 sua
1750 1506 1956 1568 praestitit3
1996 1508 2065 1555 etsi
2081 1511 2253 1571 populus

679 1587 779 1619 tunc
791 1590 879 1619 non
904 1576 1042 1619 minus
1064 1575 1231 1636 peccatis
1243 1570 1416 1617 onustus
1426 1570 1547 1625 foret,
1561 1588 1604 1616 ac
1616 1587 1739 1617 nunc.
1775 1576 1870 1617 Fuit
1883 1591 1976 1618 vero
1989 1579 2136 1621 exiistis
2149 1595 2250 1639 qua-

677 1640 893 1705 dringentis
917 1647 1082 1702 triginta
1107 1646 1235 1692 annis,
1249 1641 1354 1699 fuit,
1377 1644 1565 1699 inquam,
1590 1639 1722 1684 eodem
1735 1638 1806 1700 ipso
1818 1640 1893 1691 die,
1919 1655 1966 1684 ut
1979 1644 2251 1703 egrederentur

679 1723 808 1750 omnes
833 1714 1025 1751 exercitus
1049 1706 1231 1768 Jehovae.
1267 1702 1407 1750 Exod.
1438 1720 1501 1748 12:
1517 1719 1588 1763 41.
1613 1702 1724 1748 conf.
1753 1705 1865 1750 Gen.
1882 1722 1944 1763 15:
1966 1724 2024 1764 13.
2060 1712 2178 1752 Nam
2189 1710 2249 1768 fic
2270 1763 2271 1767 Ἰ

676 1772 782 1815 dixit
795 1771 1188 1832 Jelffovahfimulac
1203 1774 1351 1833 impleti
1355 1772 1514 1831 fuerint
1530 1768 1979 1835 Babylonesbptuagt‘nta
1991 1783 2100 1826 anni,
2115 1776 2249 1831 visita-

680 1835 725 1881 bo
738 1855 809 1881 vos
823 1853 834 1887 ;
853 1844 899 1890 &r
905 1839 1062 1895 faciam
1077 1873 1088 1888 ,
1121 1854 1168 1883 ut
1182 1837 1301 1896 exstet
1301 1839 1421 1898 super
1434 1853 1504 1880 vos
1516 1835 1685 1880 verbum
1699 1854 1833 1880 meum
1849 1838 2008 1889 bonum,
2022 1854 2070 1883 ut
2083 1841 2246 1886 reduca-

680 1909 779 1946 mini
792 1907 871 1947 δίς.
899 1903 984 1965 Jer.
1001 1920 1069 1959 29:
1091 1921 1155 1954 10,
1179 1921 1193 1948 1
1208 1921 1242 1949 1.
1280 1904 1349 1948 Ut
1362 1901 1546 1947 similiter
1557 1902 1597 1945 in
1613 1903 1801 1962 palmaria
1815 1899 1887 1948 hac
1902 1902 2180 1964 promissione‚
2207 1907 2250 1950 in
2284 1955 2287 1964 Ι

682 1984 764 2027 qua
777 1969 968 2013 universae
981 1970 1109 2030 gentis
1121 1970 1283 2014 bonum
1301 1966 1425 2015 situm
1440 1966 1510 2017 est,
1530 1965 1631 2011 illud
1646 1966 1733 2011 fieri
1748 2001 1760 2018 .
1774 1983 1847 2013 nec
1862 1970 1965 2014 ultra
1984 1987 1997 2014 1
2009 1977 2048 2016 6.
2062 1972 2196 2016 saecula
2208 1987 2250 2017 ea

680 2035 829 2096 negligi
845 2067 857 2085 ,
895 2051 937 2079 ac
960 2037 1059 2080 tanti
1084 2032 1269 2096 promiffi
1285 2032 1386 2079 fides
1398 2032 1625 2077 labefactari
1649 2032 1845 2078 debuerit.
1885 2052 1917 2094 3.
1946 2038 2000 2079 Et
2011 2052 2059 2080 an
2074 2052 2156 2081 non
2171 2034 2250 2082 hoc

677 2100 816 2144 colore
830 2098 920 2145 fieri
933 2098 1055 2161 poffit
1068 2136 1080 2154 ‚
1094 2114 1140 2146 ut
1153 2117 1298 2162 magna
1310 2098 1397 2144 haec
1412 2096 1626 2159 promiffio
1640 2114 1857 2158 nunquam
1873 2101 2088 2160 impleatur
2103 2135 2115 2155 ‚
2129 2115 2249 2162 atque

676 2166 867 2210 universae
895 2166 1095 2218 Ecclefiae,
1122 2168 1143 2211 5
1157 2165 1328 2211 condito
1341 2167 1469 2226 usque
1482 2163 1659 2218 mundo,
1672 2165 1712 2208 in
1729 2163 1921 2210 Meffiam
1938 2165 2037 2211 fides
2050 2183 2094 2212 ac
2106 2168 2244 2229 religio

676 2227 821 2276 frustra
844 2232 919 2277 fit?
947 2235 1111 2294 Semper
1122 2234 1233 2278 enim
1258 2233 1435 2294 populus
1457 2229 1522 2276 hic
1535 2246 1619 2274 non
1636 2232 1795 2291 prorsus
1807 2232 1856 2275 ab
1869 2233 1986 2276 omni
1998 2234 2137 2278 scelere
2148 2233 2245 2279 liber

675 2299 770 2348 erit;
798 2311 920 2357 atque
932 2296 1026 2342 inde
1040 2297 1069 2343 fi
1083 2296 1318 2360 dependeat,
1343 2299 1498 2358 semper
1510 2294 1664 2342 differri
1677 2295 1835 2341 Meffiae
1848 2296 2070 2342 adventum
2084 2312 2246 2359 oporte-

678 2365 752 2408 bit.
785 2378 829 2421 4.
852 2367 942 2408 Nec
953 2362 1004 2408 de
1017 2366 1217 2426 corporali
1230 2381 1274 2408 ac
1297 2377 1468 2409 externo
1481 2363 1846 2421 aliquoliberatore
1868 2379 1911 2407 ac
1924 2364 2160 2408 liberatione
2171 2364 2244 2408 ser-

674 2445 748 2473 mo
761 2429 833 2479 est,
846 2431 1009 2488 qualem
1021 2431 1078 2475 illi
1090 2431 1363 2492 expectant,&
1378 2429 1437 2473 ob
1449 2430 1592 2490 populi
1604 2442 1759 2488 peccata
1772 2430 1953 2473 cunctari
1968 2428 2082 2486 ajunt
2097 2448 2104 2473 :
2120 2427 2183 2474 sed
2196 2426 2245 2474 de

675 2496 865 2557 spirituali
878 2495 1182 2555 servatore,qu0
1196 2496 1283 2540 solo
1298 2494 1397 2540 fides
1410 2510 1454 2539 ac
1466 2494 1692 2539 consolatio
1706 2492 1891 2539 Ecclefiae
1907 2496 2049 2540 nititur
2063 2513 2072 2538 :
2090 2495 2241 2555 quique

611 2563 614 2566 ⁴
676 2561 777 2605 adeo
802 2562 967 2621 peccatis
987 2561 1174 2606 retardari
1201 2577 1285 2605 non
1300 2559 1445 2623 potest,
1472 2574 1518 2604 ut
1533 2558 1582 2605 ad
1595 2576 1637 2604 ea
1649 2558 1944 2605 averruncanda
1958 2577 2000 2605 ac
2013 2559 2190 2606 tollenda
2201 2563 2243 2604 δε

674 2629 876 2686 populum
904 2626 1022 2671 suurn
1040 2626 1330 2687 mundumque
1354 2626 1588 2671 universum
1601 2625 1651 2670 ab
1661 2626 1863 2671 erroribus
1876 2642 1918 2671 ac
1932 2625 2134 2671 sceleribus
2146 2640 2240 2670 con·
2288 2627 2289 2631 ’

672 2691 1123 2757 vertendum,pre3cipue
1139 2707 1332 2740 venturus
1343 2691 1511 2741 dicatur.
1521 2695 1578 2738 Et
1590 2691 1691 2740 dabo
1702 2694 1775 2739 illis
1786 2709 1851 2741 cor
1862 2699 2056 2750 unum&
2063 2694 2240 2757 spiritum

2089 2771 2239 2802 novum
2279 2812 2280 2819 ἵ
