2435 3212
597 191 686 254 418
970 186 1301 235 Lrss..11.
1370 189 1854 240 CAP-uTVL

597 292 682 336 qua
695 274 803 322 forte
817 289 890 322 nec
902 273 984 339 ipsa
996 272 1186 319 animalia
1198 285 1429 319 arcerentur
1442 291 1453 318 :
1480 289 1555 321 nec
1567 291 1668 322 vero
1682 277 1944 329 Deum‚cum
1958 273 2115 336 reliqua
2128 290 2243 321 cona

597 338 751 389 cesserit
762 342 906 387 omnia
917 377 929 393 ‚
970 356 1098 386 unam
1110 355 1286 401 eamque
1297 337 1622 402 pulcherrimam
1635 342 1831 388 arborem
1855 336 2051 404 excepisse
2058 358 2072 393 3
2102 358 2240 403 quam

597 420 737 455 tamen
761 408 956 454 creaverit
979 442 992 459 ‚
1021 404 1271 468 hominique
1294 405 1484 467 quotidie
1507 406 1697 455 ostendat-
1720 413 1764 455 δε
1786 410 1941 471 ingerat
1953 443 1966 459 ‚
1993 409 2141 454 utvisu
2153 406 2236 454 isto

596 489 801 541 perpetuo
809 473 886 522 sese
898 475 1049 519 cruciet
1063 507 1075 526 ‚
1111 477 1154 519 δε
1166 483 1330 518 tantum
1346 488 1434 518 non
1448 473 1689 520 intabescat:
1716 473 1760 521 id
1773 475 1952 538 cogitare
1966 508 1978 529 ,
1995 473 2156 538 angusti
2170 476 2236 520 ni-

597 542 736 591 mium
750 559 795 587 ac
808 539 942 606 pusilli
956 540 1083 586 animi
1096 536 1194 590 esse3
1212 540 1373 600 quin&
1385 537 1460 602 ipfi
1474 543 1573 586 Deo
1586 538 1668 586 hoc
1680 542 1803 604 paeto
1817 539 2012 598 injuriam
2026 539 2129 595 fieri,
2158 542 2238 603 qui

597 624 641 653 ea
667 609 826 655 ratione
851 609 914 653 vel
942 620 990 652 ut
1002 603 1166 652 invidus
1178 607 1242 651 vel
1256 618 1302 651 ut
1314 603 1444 652 durus
1458 607 1662 652 accusetur
1674 624 1687 658 3
1702 623 1776 653 nec
1789 604 1872 653 hoc
1886 606 1939 653 de
1952 608 2038 670 ipso
2053 609 2236 671 cogitare

596 675 805 738 religionis
816 710 829 727 ,
847 671 911 719 fied
923 671 1216 735 superstitionis
1226 667 1301 717 effe
1318 690 1327 716 :
1354 685 1545 735 oportere
1557 689 1657 719 vero
1668 671 1886 719 hominem
1901 673 1974 718 sese
2001 672 2085 719 istis
2095 672 2240 730 nodis,

598 742 673 803 qui
685 741 834 804 ipsum,
861 738 894 785 st
906 739 942 785 se
954 740 1060 785 ultra
1072 740 1118 785 iis
1130 739 1341 802 permittat
1353 772 1366 792 ‚
1402 737 1692 801 strangulaturi
1718 737 1798 786 fint
1813 773 1825 795 ,
1849 740 2039 785 exolvere
2073 744 2118 786 &
2141 741 2236 786 vin..

596 808 686 871 cula
699 806 976 870 disrumpere:
1004 803 1267 868 tangendam,
1283 803 1528 867 gustandam
1542 805 1732 853 arborem
1744 802 1820 851 esse
1833 839 1846 861 ‚
1869 807 1944 867 qui
1958 807 2102 853 unicus
2113 806 2235 853 abso-

594 873 673 919 luti
697 872 880 920 hominis
903 873 1064 935 imperii
1088 872 1199 917 obex
1222 870 1352 922 foret3
1381 869 1508 932 idque
1521 874 1618 918 Deo
1631 888 1717 917 non
1728 873 1863 918 invito
1876 906 1890 926 ‚
1914 872 2202 933 quin-jubente
2212 908 2235 931 ,

596 944 641 985 δε
656 941 845 986 amabiles
858 938 970 985 istius
982 939 1137 985 arboris
1150 937 1276 984 foetus
1288 935 1500 983 offerente.
1527 942 1589 984 Ita
1601 937 1796 984 versatiles
1807 936 1929 983 dolos
1941 937 2072 991 struit,
2085 944 2128 985 δε
2142 957 2233 986 am-

597 1007 730 1070 biguo
743 1006 928 1052 sermone
941 1003 1160 1051 hominem
1175 1005 1371 1067 paulatim
1384 1002 1511 1050 trahit
1524 1038 1536 1059 ‚
1572 1006 1671 1050 acin
1687 1020 1861 1067 praeceps
1879 1002 2007 1051 ducit.
2044 1009 2136 1052 Nec
2148 1009 2234 1070 pri.

597 1089 722 1118 mum
751 1075 896 1119 Deum
911 1072 1022 1118 recta
1036 1069 1174 1116 fronte
1186 1071 1428 1117 criminatur
1441 1105 1453 1125 ‚
1489 1069 1554 1116 sed
1567 1087 1715 1116 vanam
1728 1069 1953 1130 hominum
1971 1073 2239 1134 opinionem,

597 1143 643 1185 &
667 1137 1001 1202 superstitionem
1025 1151 1191 1185 tantum
1216 1136 1399 1195 accusat,
1421 1154 1504 1199 qua
1517 1135 1637 1184 videl.
1652 1138 1826 1183 larvatus
1838 1135 1903 1184 hic
1916 1137 2069 1185 doStor
2088 1138 2237 1187 foemi-

595 1221 695 1253 nam
708 1206 877 1252 liberare
888 1205 1068 1251 volebat.

664 1274 742 1319 XI.
777 1273 938 1319 Mulier
959 1271 1134 1318 verbum
1148 1272 1231 1318 Dei
1243 1285 1437 1335 repetens,
1465 1269 1707 1334 respondet:
1734 1277 1800 1319 De
1812 1272 1961 1333 frusta
1975 1271 2146 1334 quidem
2159 1291 2239 1321 ar*

598 1339 748 1388 borum
761 1339 888 1402 hujus
899 1340 1004 1385 horti
1016 1339 1262 1384 comedemus
1275 1355 1285 1390 ;
1303 1354 1349 1383 at
1360 1339 1555 1399 defrue‘bu
1567 1337 1717 1384 arboris
1728 1343 1835 1400 zstms
1847 1373 1859 1393 ‚
1884 1357 1969 1402 quae
1979 1340 2032 1401 est
2044 1348 2085 1385 in
2099 1342 2238 1387 media*

597 1406 728 1462 horto,
741 1407 847 1454 dixit
858 1410 991 1462 Deus,
1002 1423 1053 1452 ne
1065 1406 1279 1452 comedatis
1290 1422 1341 1451 ex
1351 1405 1566 1470 istomeque
1577 1413 1786 1473 attingatis
1799 1423 1905 1459 eum,
1921 1425 1971 1453 ne
1983 1414 2235 1456 moriamini*

596 1490 639 1520 v.
657 1490 695 1519 2.
715 1491 750 1536 ς’.

665 1544 766 1588 ΧΙΙ.
802 1544 920 1587 Cum
933 1556 1032 1603 ergo
1045 1538 1202 1588 videret
1215 1544 1390 1596 Satanas,
1402 1557 1492 1587 eam
1504 1554 1755 1604 praeceptum
1769 1541 1851 1585 Dei
1864 1553 2010 1592 tenere,
2027 1557 2102 1587 nec
2114 1540 2164 1587 ab
2176 1556 2237 1589 eo=

598 1606 744 1672 depelli
757 1604 893 1671 poss‘e,
935 1607 984 1654 ad
1010 1608 1263 1653 sanctionem
1289 1621 1493 1671 praecepto
1507 1606 1689 1654 additam
1705 1608 1850 1669 pergit,
1876 1623 2003 1667 quarn
2017 1609 2228 1656 elevare&

601 1690 744 1737 negare
758 1709 770 1730 ‚
795 1691 842 1720 ac
865 1691 947 1720 una
968 1675 1101 1737 ipsum
1129 1689 1379 1737 praeceptum
1403 1675 1545 1720 tollere
1569 1675 1728 1720 nititur.
1765 1673 1937 1719 Mulieri
1962 1675 2099 1736 itaque
2111 1672 2228 1733 dicit,

601 1759 678 1786 non
691 1748 935 1793 moriemini3
959 1739 1081 1802 quod
1094 1740 1489 1802 quomodocunque
1500 1741 1754 1795 intellexerit,
1766 1741 1835 1785 seu
1849 1737 1899 1785 de
1911 1754 2048 1787 morte
2060 1743 2224 1798 animae,

600 1808 665 1854 seu
681 1805 734 1855 de
746 1808 876 1854 subita
889 1824 932 1854 ac
947 1808 1130 1869 praesenti
1142 1822 1279 1854 morte
1291 1843 1304 1863 ,
1339 1824 1437 1854 nam
1450 1808 1778 1869 aequivocatione
1789 1805 2036 1867 quibusdam
2062 1807 2154 1854 usus
2165 1812 2229 1855 vi-

597 1872 733 1928 detur,
758 1872 1023 1921 manifestum
1048 1887 1131 1920 erat
1159 1873 1425 1921 mendacium
1441 1894 1450 1920 :
1477 1873 1589 1920 unde
1614 1878 1656 1919 &
1679 1872 1876 1920 Diabolus
1898 1881 1939 1918 in
1965 1881 2138 1921 veritate
2148 1895 2226 1921 non

595 1941 809 2004 perstitiffi’,
832 1941 1024 1995 mendax,
1050 1947 1099 1994 ξφ
1124 1942 1320 1987 mendacii
1342 1956 1460 2005 pater
1472 1942 1634 1987 dicitur.
1663 1938 1763 2006 Joh.
1780 1940 1819 1987 8:
1833 1955 1907 2000 44.
1947 1943 2102 2002 Aperte
2113 1943 2231 1989 enim

598 2006 686 2052 hoec
699 2008 823 2053 verba
836 2009 1015 2071 opponit
1027 2009 1346 2054 comminationi
1360 2011 1444 2054 Dei
1457 2041 1470 2063 ,
1495 2022 1620 2069 atque
1634 2009 1744 2053 illam
1757 2022 1843 2052 non
1869 2005 2134 2053 metuendam
2147 2006 2229 2054 do-

600 2087 673 2119 cet.
709 2078 858 2134 Atque
881 2076 936 2120 ita
961 2071 1326 2136 pestilentiffimam
1350 2072 1520 2120 haeressn
1545 2076 1683 2138 primo
1706 2075 1795 2119 serit
1819 2108 1831 2128 ,
1855 2087 1942 2117 non
1973 2075 2229 2121 moriturum

598 2138 817 2185 hominem
832 2175 845 2195 ‚
880 2140 951 2186 etfi
978 2154 1228 2203 praeceptum
1252 2139 1581 2204 transgrediatur,
1611 2145 1653 2186 δε
1677 2153 1885 2202 peccatum
1901 2156 1945 2185 ac
1957 2153 2128 2200 poenam
2141 2140 2229 2202 ejus

597 2205 779 2258 divellit3
807 2209 882 2268 qui
893 2223 1009 2253 error
1019 2209 1062 2252 in
1075 2207 1276 2270 plerisque
1289 2221 1405 2253 extra
1433 2206 1639 2253 ecclesiam
1662 2207 1773 2252 sectis
1785 2222 1876 2251 non
1885 2221 1972 2251 uno
1985 2205 2119 2252 modo
2133 2210 2226 2270 pul-

597 2273 711 2319 lulat.
746 2278 848 2319 Imo
868 2275 911 2319 in
925 2275 1046 2319 omni
1059 2272 1249 2334 quotidie
1261 2288 1432 2336 peccato
1444 2271 1527 2320 hoc
1539 2276 1766 2320 etiamnum
1780 2271 2021 2318 hominibus
2033 2271 2226 2336 suggerit,

595 2358 674 2384 non
698 2346 841 2403 utique
865 2347 1112 2392 morieminss
1140 2341 1163 2385 ὲ
1176 2357 1265 2402 quo
1282 2341 1407 2386 verbo
1420 2354 1621 2402 tanquam
1633 2339 1859 2403 serpentino
1873 2337 1992 2384 fibilo
2010 2372 2023 2394 ,
2048 2342 2229 2389 maxime

595 2404 831 2451 cavendum
845 2405 917 2453 est.

664 2473 790 2518 XIII.
828 2472 910 2519 Sed
933 2489 1061 2518 omne
1085 2471 1255 2520 tandem
1278 2475 1389 2521 virus
1401 2471 1595 2529 effundit,
1621 2490 1718 2521 cum
1732 2486 1866 2538 aperte
1878 2506 1891 2527 ,
1901 2473 2087 2533 Deoque
2098 2474 2227 2523 veluti

596 2540 640 2583 in
655 2554 704 2583 os
716 2538 965 2600 obloquens‘,
973 2537 1087 2585 addit
1102 2560 1110 2585 :
1126 2543 1268 2585 Novit
1281 2549 1387 2586 enim
1399 2547 1515 2588 Deus
1528 2575 1541 2596 ,
1565 2559 1643 2605 qno
1656 2543 1718 2587 die
1728 2539 1966 2586 comederitis
1979 2556 2030 2584 ex
2040 2557 2095 2592 e0‚
2109 2557 2227 2602 aper-

598 2604 756 2662 rurosst’
769 2609 899 2652 oculos
911 2606 1072 2666 vestros,
1088 2613 1135 2658 ῶν
1150 2624 1220 2653 vos
1224 2610 1316 2668 fore
1312 2610 1424 2668 sicut
1435 2613 1542 2654 Deos
1545 2609 1710 2667 scientes
1723 2605 1809 2653 boni
1824 2612 1871 2659 ξφ
1885 2607 1986 2651 mali
1999 2638 2012 2659 ‚
2028 2620 2113 2664 v.5.
2129 2608 2226 2666 qui..

597 2671 674 2717 hus
698 2671 829 2720 verbis
849 2675 995 2721 Deum
1019 2671 1186 2721 invidiae
1211 2679 1255 2722 δε
1283 2675 1388 2722 male
1414 2676 1594 2739 usurpati
1605 2676 1649 2725 in
1660 2672 1875 2725 hominem
1887 2672 2046 2735 imperii
2060 2688 2225 2735 arguere

2127 2740 2225 2802 quia
