2367 3142
444 202 531 250 DE
582 211 866 247 PECCATO
911 194 1308 244 Onu-‚marri
1613 214 1703 259 449

66 303 130 337 tes
165 287 371 336 surculos:
399 290 442 332 &
465 279 706 349 scaturigine
726 296 921 347 corrupta
935 315 948 336 ,
985 297 1132 327 omnes
1156 297 1333 344 quoque
1354 279 1476 327 rivuli
1500 292 1636 343 putres
1661 296 1702 324 a·

75 372 175 417 quas
186 354 368 407 trahunt,
398 352 566 415 ejusque
578 352 722 398 veneni
734 347 959 414 primordia
972 345 1023 394 ad
1038 349 1207 394 ultimos
1220 350 1349 409 usque
1359 349 1490 393 latices
1502 344 1701 393 derivant.

78 423 144 470 Sic
168 423 247 486 ipsa
259 435 412 468 naturae
424 421 510 483 lege
523 436 567 466 ac
577 418 667 478 jure
678 419 814 463 omnis
826 414 983 463 Adami
998 411 1208 460 haereditas
1233 413 1283 460 ad
1297 413 1482 478 posteros
1494 413 1676 476 pervenit
1687 427 1701 462 ;

76 501 199 550 atque
222 488 302 551 ipse
331 503 402 552 per
414 500 625 550 peccatum
640 497 859 546 corruptus
872 517 885 537 ,
920 486 962 528 &
977 496 1119 526 amore
1131 494 1293 526 terreno
1305 482 1497 544 languens
1508 478 1704 525 universae

76 552 317 618 posteritatis
339 555 416 600 suae
441 566 663 613 corruptor
672 550 821 604 evasit.
856 553 963 596 Non
987 548 1099 594 enim
1120 544 1297 609 dignum
1308 550 1406 594 Deo
1419 559 1516 599 erat,
1539 543 1703 591 homini

75 622 300 683 peccatori,
315 636 388 665 nec
399 620 600 680 quaerenti
610 619 743 664 lemen
753 617 861 671 Dei,
884 615 1062 662 sanctam
1074 613 1266 659 sobolem
1280 612 1374 660 dare
1383 649 1396 665 ‚
1422 629 1467 658 ac
1478 613 1701 675 imaginem

76 687 187 732 suam
213 701 282 749 per
307 686 493 732 vitiosam
510 720 523 740 ,
547 701 591 731 ac
615 681 773 731 foedam
787 681 1061 746 saepe&varia
1072 677 1239 726 libidine
1252 681 1453 742 pollutam
1476 680 1704 740 generatio-

77 768 188 807 nem,
212 767 433 815 propagare
443 750 493 798 ad
504 750 589 810 ejus
602 749 787 814 posteros
799 765 811 801 3
840 746 941 795 adeo
955 761 1002 794 ut
1015 760 1216 809 peccator,
1243 746 1293 791 ab
1305 747 1481 792 amicitia
1494 748 1534 789 δι
1548 743 1702 791 foedere

76 819 159 865 Dei
172 819 335 873 alienus,
351 823 390 863 &
404 817 521 881 stirps
533 823 576 864 &
590 829 713 879 caput
725 814 836 861 foret
850 815 1008 860 seminis
1019 813 1158 858 sanoti.

140 885 237 932 XV.
274 884 428 931 Probat
452 881 534 929 hoc
556 884 678 929 etiam
703 889 944 945 experientia
960 899 970 925 :
997 896 1091 940 quae
1118 895 1214 924 cum
1239 879 1477 924 universum
1489 874 1699 923 mundum
1713 888 1879 931 experien-

76 964 319 1014 corruptum
342 946 417 995 esse
440 949 600 1004 doceat,
625 966 675 994 ne
688 965 776 994 uno
789 945 960 1009 quidem
975 959 1146 1008 excepto
1160 979 1173 999 ‚
1197 947 1272 1007 qui
1283 946 1305 990 a
1319 946 1452 990 nativa
1465 945 1532 989 lue
1547 960 1700 1006 purum
1715 942 1785 988 tid,

73 1016 112 1062 se
124 1015 327 1070 ostendat,
345 1014 458 1073 (vide
471 1020 607 1063 Rom.
625 1033 662 1078 3:
677 1032 742 1069 10,
759 1032 776 1060 1
788 1032 824 1066 1,
837 1032 851 1061 1
861 1031 900 1060 2.
925 1018 1038 1060 Sicut
1039 1011 1237 1075 scriptum
1250 1011 1302 1072 est
1318 1030 1326 1056 :
1342 1030 1420 1056 non
1431 1010 1639 1073 esljustus,
1655 1029 1703 1056 ne

75 1101 179 1129 unus
202 1083 377 1146 quidem.
403 1086 504 1127 Non
516 1082 568 1143 cst
581 1082 925 1132 animadvertens,
957 1097 1034 1124 non
1048 1078 1100 1139 est
1112 1095 1284 1140 quaerens
1298 1082 1436 1123 Deum
1456 1095 1465 1121 z
1492 1094 1623 1123 omnes
1633 1077 1703 1122 de-

73 1151 330 1195 elimaverunt
341 1165 353 1200 3
355 1150 486 1209 simul
497 1151 656 1195 inutiles
661 1148 766 1209 Ῐαὲῗὶ
767 1147 891 1205 sitnm
910 1164 988 1190 non
1000 1144 1067 1206 est,
1079 1145 1290 1207 quifaciat
1301 1142 1466 1196 bonum,
1494 1161 1571 1187 non
1583 1142 1637 1202 est
1647 1143 1706 1188 ad

73 1231 202 1260 unum
226 1216 362 1278 usque.
383 1219 402 1271 >
433 1214 696 1260 universalem
718 1227 1077 1272 communemque
1102 1211 1190 1257 vitii
1214 1207 1327 1256 istius
1351 1208 1508 1255 caulam
1530 1208 1695 1272 prodit;

72 1280 285 1343 ipsamque
299 1295 487 1326 naturam
500 1316 511 1332 ,
540 1296 669 1342 quam
681 1281 703 1325 a
720 1280 858 1342 primo
871 1291 1036 1342 parente
1047 1274 1247 1322 trahimus
1256 1311 1268 1327 ‚
1296 1277 1336 1321 in
1349 1276 1435 1338 ipso
1448 1288 1546 1320 ortu
1559 1292 1604 1321 ac
1614 1277 1701 1320 ori-

68 1348 166 1410 gine
195 1347 262 1393 sua
287 1347 466 1393 laborare
479 1382 491 1398 ,
527 1345 696 1407 jamque
722 1359 817 1391 tum
841 1360 993 1408 aegram
1006 1339 1093 1395 effe,
1125 1343 1271 1405 arguit.
1310 1343 1517 1404 Alioquin
1532 1342 1575 1387 in
1586 1341 1700 1387 tant&

76 1414 317 1459 mortalium
343 1413 463 1459 turba
486 1414 551 1458 vel
578 1429 686 1458 unus
710 1413 905 1458 inventus
918 1409 1025 1457 foret
1036 1445 1048 1461 ,
1087 1425 1214 1469 quem
1229 1409 1455 1455 nascentem
1469 1408 1701 1470 benigniori

78 1476 166 1524 sinu
181 1493 322 1525 natura
334 1476 545 1542 excepisset
556 1513 568 1533 ‚
585 1480 754 1540 ‘quique
768 1479 818 1523 ab
830 1476 909 1541 ipsa
922 1477 1081 1539 origine
1104 1475 1170 1520 sua
1183 1491 1308 1538 purus
1320 1480 1362 1520 δε
1376 1475 1533 1520 sanetus
1547 1470 1655 1520 esset.

137 1548 177 1591 X
188 1549 232 1593 V
243 1549 278 1592 Ι.
334 1547 421 1609 Ipse
456 1544 634 1606 denique
668 1544 799 1591 sensus
833 1560 877 1589 ac
910 1543 1141 1600 confitentia
1178 1540 1319 1587 nostra
1343 1540 1426 1587 hoc
1450 1557 1528 1586 con
1535 1538 1673 1588 firmat
1687 1559 1697 1585 ε
1714 1550 1760 1598 ῤ’
1780 1565 1861 1590 m-

72 1627 166 1673 quae
194 1613 258 1658 vel
268 1611 348 1674 ipsa
361 1612 527 1657 rationis
538 1610 806 1674 obstrepentis
818 1626 861 1656 ac
877 1608 1142 1672 responsantis
1153 1625 1199 1653 os
1213 1606 1408 1654 occludit.
1448 1611 1570 1653 Dum
1587 1606 1700 1652 vide·
1709 1606 1863 1656 scientiis

74 1691 162 1724 mus
174 1711 186 1732 ‚
200 1677 390 1739 qualibus
401 1679 443 1722 in
454 1677 643 1729 tenebris,
661 1676 900 1738 quantaque
910 1677 953 1720 in
965 1676 1148 1738 caligine,
1162 1672 1244 1720 hoc
1257 1675 1333 1720 aevi
1346 1671 1631 1736 quodcunque
1641 1672 1699 1719 est

72 1743 356 1808 tranfigamus;
386 1760 515 1806 quam
539 1742 707 1789 infirma
730 1747 773 1788 δε
794 1741 936 1788 debilis
962 1738 1012 1787 sit
1039 1742 1230 1786 voluntas
1243 1774 1255 1795 ‚
1291 1757 1385 1802 quae
1412 1742 1560 1803 reginae
1574 1738 1698 1787 instar

74 1806 261 1857 humanae
275 1811 368 1856 vitae
381 1808 785 1873 praefideredebereu
807 1813 850 1854 δε
863 1821 1017 1870 quanta
1030 1805 1258 1853 affectuum
1273 1805 1322 1853 fit
1333 1807 1473 1859 rabies,
1499 1807 1573 1867 qui
1587 1805 1697 1851 fero-

0 1882 1 1919 }
72 1876 183 1922 cibus
194 1878 308 1938 equis
317 1891 404 1922 non
418 1857 611 1936 absimili}
623 1909 636 1930 ,
676 1875 887 1922 exturbata
899 1876 1074 1929 ratione,
1099 1890 1174 1920 ceu
1186 1874 1324 1936 auriga
1335 1869 1514 1923 excuffo,
1545 1873 1698 1917 intem-

74 1955 256 2004 peranter
279 1959 323 1989 ac
335 1940 420 1990 fine
432 1941 567 1988 modo
579 1943 643 1989 vel
658 1942 701 1987 in
714 1942 883 2005 optimis
895 1940 1130 2002 quibusque
1141 1939 1350 1986 lasciviunt
1367 1958 1376 1983 :
1403 1952 1526 2000 atque
1537 1937 1610 2001 ips1
1624 1936 1697 1984 de-

0 2002 1 2043 ἷ
73 2009 199 2070 nique
211 2008 340 2055 sensus
351 2007 481 2055 nostri
497 2023 751 2071 quantopere
762 2020 951 2070 torpeant
963 2041 975 2060 ,
1013 2008 1252 2069 semperque
1264 2003 1384 2050 humi
1398 2004 1567 2068 serpant,
1597 2008 1639 2050 ἃ
1653 2005 1698 2050 in

0 2067 1 2083 ¹
71 2072 326 2122 craffioribus
347 2075 519 2134 ob'Jectis
541 2075 808 2128 volutentur,
845 2089 919 2119 nec
944 2089 1129 2134 unquam
1161 2070 1212 2118 ad
1227 2088 1370 2117 verum
1384 2072 1515 2117 robur
1526 2071 1563 2117 se
1576 2072 1701 2117 attol-

73 2139 168 2187 lant.
192 2139 314 2202 Qid
327 2139 462 2204 quod,
480 2157 575 2202 quae
589 2141 790 2204 praecipua
803 2139 940 2185 nostra
954 2140 1155 2184 calamitas
1171 2153 1492 2199 exterarumque
1504 2137 1615 2183 causa
1627 2135 1701 2192 est,

0 2248 1 2251 ,
73 2204 292 2270 indignum
315 2209 357 2253 in
371 2205 565 2259 modum,
599 2208 779 2253 animam
791 2204 896 2251 hanc
910 2207 1049 2268 ipsam,
1077 2205 1250 2267 aprimo
1263 2218 1378 2250 ortus
1391 2204 1448 2249 sui
1462 2216 1699 2259 momento,

70 2271 126 2318 ita
148 2274 312 2336 corpori
335 2273 409 2319 suo
430 2272 663 2318 immersam
676 2286 799 2334 atque
811 2270 890 2317 isto
903 2287 1055 2317 carcere
1066 2272 1192 2316 veluti
1203 2271 1399 2334 sepultam
1412 2271 1700 2332 conspicimus,

1 2395 2 2399 Ἰ
73 2351 121 2384 ut
142 2340 214 2385 vix
237 2340 362 2385 ullam
385 2340 681 2403 cogitationem
696 2373 708 2393 ,
743 2337 817 2383 nisi
842 2336 1053 2384 occasione
1078 2339 1260 2401 corporis
1285 2350 1568 2397 motuumque
1595 2332 1700 2393 ejus,

71 2401 230 2467 fingat,
265 2406 367 2466 quin
389 2409 432 2451 δε
457 2405 643 2452 motibus
653 2403 738 2463 ejus
749 2404 1018 2457 automaticis‚
1049 2419 1157 2464 quos
1173 2419 1306 2467 regere
1320 2404 1397 2466 ipsa
1411 2402 1581 2448 debebat
1595 2436 1607 2456 ,
1645 2403 1700 2448 ita

1 2522 3 2532 γ
74 2470 320 2533 obsequatur
333 2505 346 2526 ‚
368 2485 415 2518 ut
438 2485 642 2534 tanquam
655 2470 822 2518 fiinibus
834 2487 877 2516 ac
892 2470 1022 2515 nervis
1033 2467 1281 2529 quibusdam
1296 2471 1433 2515 vincta
1448 2467 1645 2524 videatur,
1676 2470 1700 2513 a

69 2550 156 2596 qua
175 2536 468 2584 consuetudine
483 2555 528 2584 ac
551 2538 739 2584 servitute
749 2537 874 2582 multi
897 2537 968 2581 vix
978 2549 1067 2581 tota
1080 2536 1163 2581 vita
1176 2535 1212 2581 {e
1226 2536 1436 2582 extricant.
1473 2540 1583 2597 Qae
1597 2550 1697 2598 pro-

2 2651 3 2667 ἢ
75 2600 184 2647 fecto
206 2600 371 2649 homini
393 2601 653 2650 nobilisfimae
679 2616 868 2649 creaturae
895 2603 1113 2647 convenire
1126 2617 1213 2646 non
1230 2599 1421 2664 possunt,
1446 2600 1519 2645 nisi
1536 2605 1697 2655 Deum,

2 2718 3 2734 3
68 2667 137 2713 cui
160 2670 222 2715 vel
245 2669 415 2719 minima
437 2685 563 2735 opera
582 2670 649 2717 sua
677 2671 850 2732 placent,
885 2665 1215 2780 praestangaepio
1242 2667 1338 2714 huic
1365 2667 1697 2778 operiinfcrgliim

1616 2749 1696 2778 1ca-

2360 2329 2367 2423 und.
2350 2274 2367 2296 in
2363 2196 2367 2249 Aa,
