2367 3142
372 211 480 255 DE
549 209 826 256 SERvo
895 210 1399 256 ARB1TR10.
1636 213 1726 268 469

17 303 22 310 ·
92 288 180 348 sbti
197 286 339 347 fiamus
351 287 590 351 quandoque
603 295 644 333 in
658 287 967 352 concupiscentiis
979 296 1108 334 carnis
1121 287 1265 348 uostrae,
1282 290 1479 350 facientes
1490 288 1726 332 voluntates

102 362 237 401 carnis
250 359 297 407 φ’*
310 354 721 418 concupiscentiarum.
1095 394 1097 397 .

171 423 332 466 XXIII.
370 420 570 481 Pontt'ficu'
588 422 710 465 etiam
735 419 800 465 hic
813 422 920 483 paria
932 418 1098 473 habent,
1116 424 1159 465 &
1171 418 1264 482 post
1277 419 1431 482 lapsum
1445 420 1722 481 supernatura·
1737 415 1782 462 ό·
1797 414 1937 462 Pontifi-

106 486 212 533 libus
234 484 406 548 quidem
431 484 600 532 dotibus
624 484 842 532 hominem
857 483 1058 542 excidiffe‚
1082 501 1221 532 caetera
1236 503 1334 532 vero
1347 488 1448 532 vires
1459 483 1645 532 hominis
1659 487 1791 531 loc-‘¹²⁴

106 553 176 607 sas,
198 568 285 597 non
311 566 448 598 autem
473 550 635 614 prorsus
658 553 855 598 extinftas
875 551 1040 598 docent.
1078 558 1195 614 Qas
1217 565 1311 598 tum
1333 568 1409 615 pro
1421 552 1588 597 arbitrio
1603 551 1728 598 adau-

106 632 203 682 gent
218 653 228 672 ,
255 624 296 663 δ’
323 618 538 663 hominem
564 633 779 679 utcunque
793 618 971 664 fractum
985 617 1035 663 ad
1049 635 1234 664 amorem
1249 620 1332 664 Dei
1346 615 1456 680 posse
1468 616 1729 671 contendere,

107 687 238 731 multa
261 682 395 730 adhuc
417 684 526 729 bona
539 689 579 730 ἃ*
595 688 693 730 Deo
718 686 911 747 placentia
923 701 1132 747 peragere,
1168 682 1302 729 modo
1314 685 1494 746 graviori
1505 686 1730 730 tentatione

107 768 196 799 non
220 764 424 813 urgeatur,
447 752 550 811 quin
576 749 679 796 dum
703 753 938 814 irregenitus
962 751 1020 796 est
1043 767 1148 813 opus
1160 749 1332 811 aliquod
1344 750 1541 795 omnibus
1552 750 1730 796 circum-

107 818 259 866 stantiis
280 818 445 862 bonum
470 815 655 880 praestare
677 814 787 880 posse
801 852 812 871 ,
848 816 967 879 quod
986 817 1150 881 jesuitae
1171 830 1310 862 tamen
1333 815 1412 862 isto
1423 818 1465 861 in
1479 815 1729 862 statuinfru-

108 885 303 932 &uosum
316 897 466 929 vocant
480 918 491 937 ,
528 880 730 929 affirmare
743 900 828 928 non
846 897 1047 929 verentur.
1078 889 1189 947 Qae
1205 884 1425 946 multiplex
1436 898 1642 928 venenum
1656 882 1729 929 ha·-

109 953 218 1002 bent,
230 954 273 996 &
287 966 384 995 cum
396 951 610 1012 Scripturis
622 966 664 996 ac
677 950 813 996 secum
828 949 920 1013 ipsis
931 964 1130 1011 pugnant.

176 1020 338 1064 XXIV.
374 1019 519 1077 Atque
540 1032 589 1061 ex
603 1014 678 1061 hac
690 1017 805 1062 liberi
819 1017 971 1061 arbitrii
985 1016 1174 1063 servitute
1194 1020 1236 1061 ὃς
1251 1015 1443 1077 spirituali
1455 1015 1600 1061 animae
1613 1032 1728 1061 mor·
1742 1024 1795 1058 Ex
1809 1018 1873 1056 hac
1885 1018 1936 1056 ti-

105 1098 160 1136 te,
187 1082 453 1143 consequitur
470 1100 504 1128 1.
518 1084 756 1128 Hominem
770 1081 871 1128 nihil
883 1099 931 1128 ex
943 1082 1018 1127 sese
1029 1081 1148 1143 quod
1163 1081 1256 1128 vere
1270 1082 1434 1127 bonum
1449 1079 1497 1127 sit
1510 1116 1522 1136 ‚
1545 1082 1730 1145 praestare
1743 1075 1812 1138 ber-e·
1825 1073 1922 1137 ‘'bf'‘

107 1146 233 1215 poffe.
267 1155 359 1195 Sme
371 1167 434 1193 me
447 1149 688 1212 nonpotestis
701 1150 1074 1212 quicquumfucere.
1108 1146 1213 1212 Joh.
1232 1164 1296 1208 15:
1316 1164 1352 1207 5.
1385 1152 1478 1192 Sine
1489 1149 1578 1209 fide
1590 1150 1727 1213 impoſs
1740 1131 1916 1177 trusi-rm-

95 1216 211 1278 fibt'le
223 1216 274 1277 est
287 1220 373 1261 Deo
398 1223 601 1275 &apes-ima
616 1229 741 1279 gratu
760 1217 912 1277 fucere.
947 1215 1081 1261 Hebr.
1100 1234 1116 1261 1
1130 1233 1164 1260 1:
1181 1223 1222 1261 6.
1267 1216 1501 1275 Utcunque
1513 1215 1624 1260 enirn
1651 1217 1726 1261 bo-
1741 1186 1929 1291 ZZJZ'L
1973 1247 1976 1250 «
2011 1241 2016 1244 -

107 1299 159 1329 na
172 1280 364 1345 quaedam
378 1298 422 1327 ac
435 1280 708 1327 virtuteseclat
721 1316 734 1336 ‚
772 1282 925 1343 quasin
942 1282 1160 1344 gentilibus
1172 1297 1347 1342 quoque
1358 1278 1561 1332 videmus,
1589 1283 1655 1327 illa
1668 1296 1725 1327 ta-
1743 1298 1920 1332 Hominem

107 1366 202 1397 men
214 1346 526 1395 circumstantiis
537 1361 702 1411 peccant
715 1383 727 1403 ‚
763 1352 806 1394 δε
819 1347 1038 1411 praestitim
1052 1349 1254 1411 principio
1267 1345 1378 1393 unde
1390 1347 1585 1392 oriuntur
1607 1353 1630 1408 (
1642 1364 1727 1394 non
1740 1365 1780 1389 ex
1796 1350 1827 1395 se
1854 1349 1937 1386 nihil

107 1417 220 1463 enim
244 1414 337 1461 sunt
357 1432 471 1461 amor
493 1431 546 1460 ex
565 1431 664 1477 puro
688 1415 814 1469 corde,
840 1420 889 1467 ζῇ*
912 1414 1143 1471 conscientia
1166 1413 1285 1468 bonu,
1311 1419 1360 1466 ᾤ’
1371 1413 1459 1474 fide
1482 1432 1560 1457 non
1564 1415 1728 1474 fucata,
1744 1405 1914 1454 bonipra-

113 1500 150 1530 1.
163 1483 283 1528 Tim.
301 1499 337 1527 1:
359 1480 428 1542 5.)
454 1485 496 1526 δε
512 1479 594 1525 fine
607 1515 620 1536 ‚
645 1482 720 1541 qui
732 1481 813 1526 sola
823 1481 906 1527 Dei
917 1481 1046 1543 gloria
1059 1476 1134 1526 effe
1146 1479 1268 1526 debet
1280 1514 1293 1533 ,
1327 1478 1422 1540 quo
1435 1481 1561 1524 oculo
1575 1460 1908 1527 fincerosta'ep‘ff'

108 1566 153 1596 ac
164 1550 358 1595 irretorto
369 1547 543 1610 spectare
553 1560 733 1610 oportet.
768 1551 886 1593 Cum
898 1560 1035 1592 autern
1048 1544 1230 1593 defectus
1251 1547 1318 1591 ille
1328 1546 1371 1590 in
1384 1543 1656 1592 accidentibus
1668 1547 1732 1593 so-
1757 1530 1782 1553 e.

109 1612 336 1662 lummodo
349 1612 413 1667 fit,
426 1629 531 1676 opus
543 1629 681 1659 autem
693 1613 826 1676 ipsum
840 1626 985 1658 natura
996 1613 1160 1659 bonum
1175 1629 1219 1658 ac
1229 1613 1391 1658 reetum
1405 1611 1642 1675 fit‚propter
1660 1613 1732 1661 ad-

109 1680 265 1730 haerens
274 1678 377 1726 illud
387 1681 538 1726 vitium
550 1678 661 1726 istud
673 1696 759 1725 non
771 1677 1140 1735 omittendum‚sed
1151 1676 1443 1742 corrigendum
1456 1675 1532 1724 effe
1545 1692 1665 1741 patet.

2200 1677 2206 1717 l

175 1752 313 1796 XXV.
337 1745 410 1792 Ad
422 1744 702 1801 dubium,cur
714 1750 831 1793 Deus
842 1744 1021 1798 homini,
1043 1744 1094 1791 ad
1106 1746 1271 1791 bonum
1287 1743 1467 1805 quodvis
1479 1743 1729 1799 inutili,0ffi-
1744 1745 1814 1783 Cui
1826 1749 1919 1784 Deus
1931 1758 1963 1813 y
1985 1711 2104 1841 El?-
2204 1738 2287 1805 Μ’(

111 1815 222 1862 cium
247 1812 518 1859 nihilominus
540 1815 743 1875 imperet?
778 1817 821 1858 &
845 1829 895 1858 an
920 1828 1008 1859 non
1031 1810 1179 1858 frustra
1200 1810 1283 1858 hoc
1305 1809 1438 1866 faciat,
1461 1811 1551 1855 imo
1563 1810 1730 1872 injuste,
1743 1810 1909 1852 propterea
2008 1866 2011 1877 ,
2044 1789 2218 1879 Usi)
2239 1817 2243 1820 ’
2273 1807 2347 1851 ‘22

113 1897 209 1927 cum
232 1879 282 1926 ad
307 1876 554 1942 impossibile
577 1880 710 1941 ipsum
733 1878 988 1941 obstringere
1012 1877 1199 1924 videatur
1226 1885 1245 1925 ?
1291 1877 1419 1940 Resp.
1445 1878 1582 1924 Nullo
1595 1877 1731 1935 modo
1742 1855 1948 1905 nonfmstra
1970 1872 2015 1906 *⁸⁴
2056 1872 2071 1917 ἱ
2110 1876 2121 1890 ⁷
2138 1865 2317 1932 §vj-{0:¹⁴²

109 1949 242 1994 inania
263 1943 335 1992 esse
357 1946 440 1992 Dei
460 1959 655 2008 praecepta
679 1943 972 2007 adjunctasque
994 1945 1126 1991 minas
1149 1949 1192 1991 &
1214 1941 1524 2008 promissiones;
1540 1961 1638 1990 cum
1653 1943 1734 1991 hoc
1748 1908 1918 2013 ἴὲἑζῖἑῖς

111 2015 234 2078 pacto
258 2016 372 2060 Deus
396 2013 684 2057 convenienter
696 2009 887 2057 humanae
900 2025 1054 2058 naturae
1068 2025 1174 2074 agat,
1187 2027 1281 2072 quae
1293 2011 1481 2056 rationali
1492 2009 1626 2056 modo
1638 2010 1733 2057 duci
1746 2033 1803 2057 nec
1824 2034 1902 2058 eum

111 2097 154 2127 ac
166 2081 251 2143 regi
264 2093 371 2125 amat
386 2099 395 2124 ι
423 2083 464 2124 &
478 2078 661 2141 reprobis
673 2079 811 2124 saltem
821 2092 998 2124 externae
1012 2076 1230 2141 disciplinae
1242 2075 1421 2123 fraenum
1433 2077 1638 2139 imponat,
1653 2075 1731 2123 hu·
1745 2075 1861 2137 {njustb
1873 2074 1921 2136 ‘³¹51

33 2199 35 2209 ,
79 2196 82 2199 ,
111 2161 368 2207 manumque
390 2161 518 2208 genus
542 2145 683 2204 aliquo
696 2146 738 2190 in
751 2142 899 2190 ordine
913 2161 957 2190 ac
969 2142 1180 2192 honestate
1190 2142 1413 2197 conservet,
1437 2159 1489 2188 ne
1500 2144 1631 2206 ruptis
1643 2146 1733 2190 vin-
1748 2128 1934 2222 :Zapoffibue

113 2214 209 2259 culis
231 2229 275 2258 ac
297 2212 451 2274 legibus
474 2211 672 2256 omnibus
684 2209 851 2257 ferociat
863 2215 906 2256 &
918 2207 1182 2257 dissolvatur:
1198 2210 1353 2256 eleetos
1365 2207 1545 2270 denique
1557 2209 1651 2256 suos
1665 2226 1737 2273 per
1747 2198 1763 2221 ⁰
1786 2188 1935 2236 ‘magn‘

112 2293 274 2325 externa
298 2276 384 2324 haec
405 2275 539 2322 media
563 2291 815 2331 convertere,
837 2277 1139 2338 conversosque
1162 2278 1206 2323 in
1230 2273 1375 2324 officio
1396 2277 1568 2322 retinere
1596 2277 1735 2323 soleat.

38 2390 39 2394 ,
110 2346 262 2407 Neque
274 2342 370 2389 ideo
383 2341 606 2406 culpandus
620 2344 679 2389 est
690 2379 702 2396 ‚
732 2342 850 2404 quod
864 2341 1129 2407 impoffibilia
1139 2340 1328 2391 videatur
1338 2342 1592 2405 praescribere
1604 2359 1616 2395 3
1634 2360 1735 2389 cum

86 2462 89 2465 4
113 2410 251 2458 eadem
266 2409 314 2456 s1t
330 2411 434 2456 ratio
447 2411 553 2456 illius
565 2411 665 2455 servi
681 2444 693 2464 ,
708 2408 866 2456 Matth.
877 2428 894 2457 1
903 2411 943 2458 8.
963 2411 1037 2471 qui
1051 2409 1101 2456 ad
1112 2412 1287 2457 rationes
1300 2409 1322 2454 ὲ
1335 2407 1514 2454 domino
1525 2408 1600 2454 suo
1613 2426 1737 2456 voca-

40 2510 43 2520 .
113 2478 233 2525 batur
245 2512 257 2529 ‚
296 2493 394 2522 curn
420 2474 618 2522 solvendo
643 2493 731 2521 non
757 2474 851 2522 cffet
867 2497 876 2523 :
905 2493 994 2522 non
1017 2478 1128 2523 enim
1156 2473 1346 2540 aptitudo
1370 2472 1553 2520 hominis
1565 2491 1617 2521 ex
1629 2475 1736 2522 statu

42 2562 44 2574 ¹
114 2543 198 2604 ejus
209 2543 388 2607 praest‘nti
402 2541 592 2589 aestimari
605 2541 727 2588 debet
739 2577 750 2595 ,
797 2541 863 2588 sed
878 2560 926 2589 ex
937 2560 988 2590 eo
1001 2557 1189 2607 tempore
1198 2559 1289 2604 quo
1302 2539 1442 2587 foedus
1453 2543 1537 2586 Dei
1551 2543 1736 2604 primum

116 2609 348 2657 institutum
372 2607 429 2655 est
442 2643 455 2664 ‚
490 2625 586 2654 cum
600 2606 734 2654 homo
749 2610 851 2655 vires
878 2609 1044 2656 idoneas
1057 2607 1245 2655 habebat.
1279 2611 1336 2654 Et
1348 2605 1635 2670 distinguenda
1645 2622 1737 2653 tan-

46 2699 47 2704 *
115 2675 209 2725 dem
231 2674 289 2724 est
311 2675 392 2740 ipsa
413 2672 736 2740 impossibilitas,
774 2692 871 2723 cum
885 2677 959 2724 alia
972 2676 1155 2723 absoluta
1168 2673 1217 2721 s1t
1232 2691 1277 2722 ac
1289 2675 1568 2721 involuntaria
1591 2707 1605 2730 ,
1643 2690 1738 2735 quae

1008 2745 1055 2791 N
1069 2758 1097 2788 n
1108 2757 1135 2787 n
1173 2757 1191 2803 3
1664 2741 1739 2786 sub
