2419 3132
306 184 382 231 DE
416 182 707 231 Effeci-mus
739 198 945 232 PECCA’rI
991 201 1046 232 m
1083 200 1246 235 munio
1284 202 1498 234 nomm-n.
1663 204 1747 254 437

116 288 170 321 ex
193 267 275 316 istis
286 270 411 316 veluti
424 271 550 316 ruinis
561 268 730 317 tandem
745 286 906 318 novum
921 286 1026 334 opus
1037 286 1254 325 extrueret,
1282 275 1326 318 &
1348 289 1502 318 novam
1514 288 1755 320 creaturam·

109 341 314 403 firmaret
327 339 384 384 ad
395 339 559 384 eandem
573 344 789 401 imaginem
803 371 815 392 ,
850 338 908 384 ad
916 355 1045 402 quam
1052 347 1167 402 prius
1178 357 1339 385 eramus
1352 340 1512 385 conditi.
1530 341 1669 403 Col.3:
1681 357 1745 386 10.

117 402 349 470 Eph.4:24.

184 475 305 518 XVI.
329 470 587 533 Spiritualem
600 467 706 514 hanc
720 484 900 516 mortem
915 471 1109 516 comitata
1122 487 1298 533 quoque
1310 470 1389 518 fuit
1403 474 1611 537 corporalis
1624 489 1635 526 ;
1653 490 1748 535 quae
1765 491 1917 525 Momm

117 540 210 585 licet
232 535 305 601 ipsi
318 553 418 581 non
434 535 555 583 fuerit
567 538 686 581 omni
699 537 772 581 suo
787 536 921 583 modo
935 554 1040 582 mox
1054 536 1212 584 inflicta
1225 572 1238 592 ‚
1256 555 1355 585 cum
1368 542 1486 585 Deus
1498 540 1745 603 longanimi·
1756 542 1925 592 spiritua-

61 630 64 634 ·
117 619 243 652 tatem
255 604 281 649 s
274 620 367 648 uam
382 604 499 648 vellet
510 619 713 653 exercere3
742 602 826 661 ejus
837 617 975 649 tamen
988 602 1223 666 prodromi,
1249 606 1550 667 omnigenique
1561 608 1654 653 vitae
1668 604 1746 652 hu·
1762 599 1826 635 “m
1836 598 1945 635 comi-

116 670 180 732 jus
192 672 347 716 labores
360 686 404 714 ac
418 667 614 715 molestiae
629 667 764 714 statim
779 669 854 716 sese
867 667 1148 716 ostenderunt.
1186 674 1332 732 Atque
1344 669 1428 717 huc
1441 670 1565 718 tristis
1576 673 1642 718 illa
1663 674 1745 720 Dei
1762 664 1840 691 “³¹‘'
1865 653 1909 700 ’β

117 741 160 784 in
175 735 394 783 Adamum
406 753 449 781 ac
462 739 597 781 Evam
611 736 687 780 lata
700 735 892 781 sententia
905 738 1080 799 pertinet
1095 756 1105 781 :
1136 753 1245 798 quos
1257 736 1329 783 etsi
1343 738 1385 782 in
1402 740 1574 800 gratiam
1586 756 1744 802 accepe-
1758 722 1962 813 ΖΖῈΣΟΥΞΒ

114 818 191 858 rat,
215 816 352 849 tamen
377 803 419 849 in
444 803 642 847 exercitiis
665 800 749 847 istis
771 801 1033 865 castigatoriis
1057 806 1208 866 peccati
1231 803 1546 851 amaritudinem
1569 804 1744 869 gustare,
1759 821 1938 868 ommgenis

116 870 283 931 eiusque
295 883 389 915 toto
403 869 495 914 vitae
511 867 627 913 cursu
641 869 928 931 poenitentiam
943 886 1056 933 agere
1070 871 1218 917 voluit.
1759 873 1860 921 hujus
1874 875 1950 911 vim

183 940 327 984 XVII·
363 939 463 982 Evae
487 948 644 988 amem,
669 951 779 996 quae,
805 936 902 996 quiz
927 937 1041 997 prior
1052 937 1093 981 in
1107 951 1320 999 peccatum
1334 937 1597 994 consenserat,
1621 939 1742 985 etiam
1758 928 1926 1027 &25:⁴5

112 1005 246 1069 prima
258 1002 332 1048 fibi
353 1018 492 1066 poenas
504 998 740 1047 denunciari
754 999 868 1047 audit
879 1035 891 1055 ‚
927 1004 1161 1065 imponitur
1173 1022 1204 1049 i.
1220 1018 1359 1067 partus
1368 1003 1666 1067 dolor.Gen.3:
1678 1014 1743 1053 16.
1754 1038 1824 1085 flii:

113 1068 436 1134 Multiplicando
457 1066 725 1131 multiplicabo
738 1070 912 1114 dolorem
925 1084 1059 1120 tuum,
1089 1077 1137 1123 ὠ·
1150 1086 1381 1134 conceptum
1396 1087 1530 1126 tuum,
1557 1079 1599 1117 in
1612 1074 1744 1119 dolore
1759 1064 1840 1131 Evii
1859 1090 1907 1138 ὁ,

107 1146 240 1202 paries
265 1135 416 1183 liberos.
454 1135 547 1194 Qi
571 1132 799 1195 quomodo
819 1135 864 1179 in
890 1133 996 1181 statu
1021 1137 1185 1197 integro
1209 1145 1392 1185 amau&
1418 1136 1582 1184 futurus
1605 1137 1742 1194 fuerit,
1758 1149 1900 1187 Adamo

114 1221 227 1251 nunc
251 1200 423 1265 quidem
437 1217 487 1247 ex
500 1200 752 1247 naturalibus
766 1199 879 1247 istius
892 1204 1004 1259 sexus
1016 1218 1104 1247 non
1119 1202 1209 1248 satis
1220 1206 1328 1249 roste
1341 1202 1603 1251 aestimamus.
1647 1205 1741 1252 Nifi
1757 1204 1931 1258 impofitis.

112 1270 232 1333 quod
248 1282 429 1316 matrum
445 1265 616 1322 fastidia,
642 1284 686 1312 ac
697 1268 740 1313 in
753 1266 985 1314 emittendo
999 1266 1163 1314 dolores
1174 1283 1275 1316 tunc
1287 1269 1501 1317 abfuturos
1513 1268 1628 1317 fuisse
1641 1289 1743 1318 con.

113 1338 213 1386 stat:
241 1332 606 1398 quemadmodum
620 1335 741 1379 etiam
757 1350 868 1380 nunc
880 1336 922 1380 in
936 1337 1169 1388 nonnullis,
1202 1335 1273 1383 etfi
1287 1338 1438 1400 paucis,
1456 1336 1616 1392 accidit,
1629 1340 1744 1400 iique

113 1407 156 1453 in
180 1405 351 1465 reliquis
371 1402 616 1448 animalibus
626 1414 697 1446 aut
707 1402 825 1456 nulli,
851 1415 921 1447 aut
935 1403 1119 1448 mitiores
1128 1403 1222 1448 sunt
1237 1423 1247 1449 z
1264 1416 1311 1449 ut
1322 1404 1381 1448 illi
1392 1402 1547 1449 etia-mii
1561 1421 1673 1451 nunc
1689 1418 1742 1452 ex

110 1471 363 1519 naturalibus
382 1467 509 1515 caulis
532 1468 776 1531 proveniant
789 1502 802 1522 ‚
836 1481 974 1514 tamen
999 1467 1050 1514 ad
1076 1482 1267 1514 naturam
1281 1485 1367 1514 non
1381 1466 1598 1516 necessario
1613 1487 1657 1517 ac
1669 1487 1743 1535 per

108 1540 147 1587 {e
171 1539 411 1603 pertineant.
449 1552 487 1581 z.
511 1533 710 1594 subjeffio
735 1533 809 1580 sub
833 1536 937 1580 viro.
975 1539 1035 1582 Et
1056 1535 1114 1581 ad
1133 1542 1274 1582 virum
1299 1551 1420 1582 tuum
1433 1544 1509 1582 erit
1520 1538 1740 1595 accurfhtio

112 1622 202 1661 tua,
216 1603 364 1668 praesto
378 1604 451 1648 eris
464 1603 555 1647 viro
567 1615 661 1655 tu0‚
687 1607 736 1654 ὠ
748 1601 824 1665 ipſs
834 1601 1111 1648 dominabitur
1122 1601 1204 1648 tibi.
1247 1604 1454 1664 Qamvis
1464 1605 1576 1649 enim
1590 1606 1741 1651 mulier

111 1690 160 1720 ex
183 1671 394 1718 creationis
415 1671 502 1732 lege
511 1669 635 1714 etiam
649 1682 762 1713 antea
774 1669 867 1714 viro
880 1666 1059 1729 subjeeta
1072 1682 1171 1720 erat,
1200 1685 1298 1715 curn
1324 1670 1523 1716 Adamas
1528 1677 1640 1733 prior
1643 1674 1738 1732 for-

56 1787 60 1790 ,
112 1755 246 1786 matus
244 1740 318 1799 fit,
341 1737 481 1783 deinde
493 1739 590 1781 Eva
604 1751 616 1787 3
643 1750 767 1797 atque
780 1753 858 1780 non
871 1743 938 1780 vir
944 1750 1105 1800 propter
1116 1737 1249 1790 illam,
1259 1737 1331 1794 [ed
1339 1737 1414 1782 haec
1420 1752 1582 1800 propter
1593 1746 1736 1785 virum

98 1809 156 1868 fit
167 1807 337 1859 condita,
359 1803 585 1849 1.Tim..2:
605 1818 666 1864 13.
706 1818 743 1847 1.
756 1805 861 1847 Cor.
879 1819 896 1847 1
910 1820 945 1847 1:
958 1820 1002 1860 9.
1038 1817 1110 1864 per
1133 1802 1290 1864 lapsum
1303 1815 1440 1848 tamen
1455 1804 1522 1848 illa
1534 1802 1736 1862 subjectio

108 1871 225 1919 valde
238 1884 449 1935 aggravata
460 1867 539 1915 fuit
551 1885 563 1921 3
580 1883 759 1929 quaeque
771 1882 884 1914 antea
899 1869 1035 1915 mollis
1048 1885 1091 1914 ac
1103 1866 1254 1914 blanda
1266 1881 1348 1914 erat
1371 1902 1385 1923 ‚
1409 1869 1493 1928 jam
1506 1871 1555 1914 in
1562 1886 1735 1932 poenam

109 1938 300 1987 conversa
322 1935 394 1991 est,
418 1952 502 1997 qua
519 1936 688 1989 mulier,
711 1950 805 1996 quae
819 1935 856 1981 se
868 1935 992 1998 ipsam
1007 1951 1095 1981 non
1107 1936 1226 1990 rexit,
1240 1952 1284 1981 ac
1298 1940 1434 1981 virum
1449 1949 1636 1998 praeterea
1650 1939 1737 2000 pel-

107 2008 206 2053 lexit
216 2042 229 2058 ‚
255 2003 340 2064 jam
364 2003 553 2064 regimini
576 2000 662 2059 ejus
686 2017 730 2046 ac
741 2003 921 2062 imperio
930 2000 1163 2060 subjicitur3
1179 1999 1307 2062 idque
1319 2001 1545 2065 postquam
1556 2003 1736 2067 imagine

108 2076 191 2121 Dei
204 2072 394 2135 spoliatus
405 2070 505 2131 saepe
517 2069 674 2118 durum
687 2083 731 2113 ac
743 2064 954 2115 difficilem
967 2067 1044 2114 sese
1053 2066 1280 2114 dominum
1294 2069 1460 2131 praebet.
1596 2077 1598 2079 ’

171 2141 337 2187 XVIII.
372 2137 465 2184 Viri
490 2151 665 2196 quoque
686 2150 811 2197 poena
823 2132 976 2196 duplex
989 2133 1047 2180 est
1062 2154 1077 2180 r
1100 2137 1231 2197 prima
1245 2134 1295 2180 ad
1309 2149 1403 2181 vitaz
1416 2134 1541 2196 hujus
1551 2138 1736 2183 curricu-

94 2210 195 2254 lum
209 2206 394 2270 pertinet,
423 2204 464 2247 in
479 2217 568 2262 quo
582 2202 721 2247 multo
734 2218 831 2246 cum
844 2202 983 2247 labore
995 2218 1038 2247 ac
1050 2199 1200 2248 sudore
1212 2201 1436 2248 versaretur
1459 2236 1471 2256 ‚
1495 2216 1733 2264 terramque

105 2289 203 2321 cum
217 2268 402 2318 molestia
415 2281 614 2331 exerceret
625 2302 639 2322 ,
674 2284 769 2328 quae
785 2268 864 2330 ipsa
875 2281 961 2313 tam
976 2269 1138 2331 ingrato
1152 2266 1301 2332 hospiti
1315 2270 1479 2314 vietum
1493 2268 1593 2332 saepe
1604 2267 1728 2316 dene-

105 2352 216 2404 garet
228 2374 240 2390 ,
269 2342 311 2382 δι
324 2338 417 2382 licet
427 2333 588 2380 exculta
600 2351 644 2379 ac
657 2333 818 2379 subnoto
832 2335 874 2378 in
888 2335 1012 2380 sentes
1024 2351 1067 2380 ac
1079 2335 1207 2398 spinas
1229 2335 1505 2380 sobolesceret.
1540 2337 1729 2382 Maledi-

105 2410 168 2453 &a
176 2419 334 2469 propter
347 2417 384 2448 te
397 2417 522 2455 terra,
535 2408 575 2445 in
590 2399 723 2446 labore
734 2402 907 2446 comedes
920 2417 971 2446 ex
981 2400 1027 2447 ed
1035 2402 1199 2468 singulis
1210 2401 1347 2448 diebus
1361 2410 1451 2447 vitae
1464 2416 1552 2454 tuae,
1567 2403 1730 2465 spinam

106 2482 154 2529 ζῇ*
167 2471 366 2518 tri-bulum
372 2465 618 2535 germinabit
630 2465 702 2511 ttbt‘
714 2500 727 2521 ,
753 2472 801 2520 ὠ
814 2467 986 2513 comedes
997 2467 1165 2514 herbam
1177 2476 1279 2531 agri,
1305 2468 1498 2525 insitdore
1509 2472 1654 2514 vultus
1667 2477 1734 2514 tm'

105 2541 268 2598 vesceris
277 2553 380 2599 pane
396 2551 478 2586 mv,
495 2550 536 2578 v.
555 2551 623 2595 17,
643 2533 709 2586 18,
731 2550 795 2591 19.
824 2537 886 2578 Ita
899 2531 1063 2579 homini
1077 2568 1089 2588 ‚
1115 2536 1188 2595 qui
1202 2549 1294 2580 ante
1304 2531 1493 2593 j-‚ucundo
1505 2535 1646 2580 labore
1658 2550 1729 2597 pa-

103 2605 280 2653 radisum
293 2598 476 2647 coluiffet
487 2634 500 2654 ‚
540 2600 705 2645 nuncin
721 2600 911 2661 proxima
926 2617 1020 2645 arva
1033 2602 1209 2662 relegato
1222 2601 1354 2655 labor,
1377 2614 1425 2646 ut
1437 2615 1576 2662 poena,
1601 2617 1644 2645 ac
1687 2616 1732 2646 e-

101 2672 265 2722 tulantis
277 2670 406 2716 carnis
418 2667 600 2723 frenum,
614 2667 848 2729 imponitur
857 2682 871 2719 3
903 2667 1015 2729 isque
1027 2667 1127 2729 saepe
1142 2669 1279 2714 irritus
1293 2673 1334 2714 &
1349 2683 1476 2715 vanus
1489 2701 1503 2725 ,
1527 2665 1632 2715 dum
1646 2617 1736 2712 ἐξιτ-

1089 2737 1111 2779 1
1124 2734 1137 2778 i
1151 2734 1165 2778 i
1201 2750 1223 2795 5
1642 2733 1737 2779 <stus
