2367 3142
15 0 56 82 ,ἓ

17 122 49 137 ,Ι

346 146 1379 195 DzSERvoAR131TR10.
1618 153 1702 207 463

47 250 56 262 ·
69 232 139 278 De
151 243 231 289 qua
246 227 377 273 aeturi
389 224 742 274 considerabimus
759 242 795 272 1.
809 222 986 270 liberum
1001 223 1217 270 arbitrium
1231 224 1274 268 in
1284 238 1433 286 genere
1442 236 1615 279 naturae,
1630 225 1695 270 seu
1713 222 1811 269 Qut
1830 235 1886 259 ⁶0²2
1896 243 1906 251 ·

68 294 266 343 absolute.
294 311 332 339 z.
354 307 445 340 tum
462 295 502 339 in
516 309 661 356 genere
674 293 816 345 moris,
835 289 917 336 five
927 289 1115 336 relative.
1708 275 1879 324 Menum

131 364 188 406 ΙΙ.
227 362 385 406 Mentis
396 359 587 406 humanae
602 357 693 405 duae
708 359 889 403 omnino
904 358 998 404 sunt
1014 356 1316 418 facultates-‚pro
1330 353 1496 402 diverfis
1506 357 1692 419 cogitan-
1706 330 1906 423 :n'algsgxe'

66 426 109 475 di
120 425 278 481 formis,
297 428 525 472 intellectus
537 431 579 471 δε
593 426 797 471 voluntas.
833 425 946 470 Illius
958 422 1174 481 objeetum
1188 421 1379 468 statuitur
1389 439 1551 477 verum,
1565 420 1692 483 hujus
1704 401 1844 478 mium.

67 493 228 541 bonum
245 512 254 538 :
269 494 310 541 in
325 494 397 538 illo
411 491 633 538 affirmatio
647 495 690 536 &
704 491 865 553 negatio
880 524 892 544 ,
928 492 969 535 in
982 487 1065 535 hoc
1077 487 1323 535 defideriurn
1338 493 1378 535 &
1392 488 1487 553 fuga
1499 490 1683 551 ponitur.
1702 498 1827 534 Mentis
1841 494 1908 533 hu-

40 604 44 606 ,
69 564 133 608 Ac
144 560 370 606 intellectus
381 559 514 605 rursus
526 557 679 622 duplex
695 555 897 608 statuitur,
912 554 1160 602 theoreticus
1172 560 1214 601 &
1229 556 1442 617 praeticus.
1479 556 1685 603 Volunta-
1703 564 1807 587 mam
1824 552 1895 587 Μ*

1703 605 1894 654 fiaculsates.

69 640 148 673 tem
177 640 315 672 autem
338 643 495 672 coecam
510 624 648 684 ajunt3
677 622 786 670 unde
798 624 848 670 ab
859 624 1069 670 intellectu
1081 623 1177 685 regi,
1191 620 1528 684 ejusquejudicio
1541 619 1691 668 subesse
1707 661 1883 698 intelleflus

70 696 111 740 &
122 690 380 738 determinari
390 691 546 739 debeat.
1709 714 1753 759 (J-
1764 717 1894 753 volun-

89 795 92 797 .
132 762 211 804 III.
249 758 326 805 Sed
354 761 492 804 minus‘
503 757 684 805 accurate
699 755 787 803 haec
800 755 1055 819 digeruntur.
1071 758 1189 801 Cum
1202 752 1253 801 ad
1265 755 1524 802 intellectum
1536 754 1690 801 solum—
1710 783 1769 807 m.

69 823 199 873 modo
213 827 407 889 pertineat
422 823 593 889 fimplex
606 825 814 887 perceptio
829 858 842 879 ‚
878 836 1003 883 atque
1013 821 1198 869 idearum
1211 820 1508 884 repraesentatio
1520 825 1563 867 ὃ(
1577 823 1692 868 obla·
1707 865 1722 895 ι
1780 857 1804 893 H
1819 859 1886 895 aas

70 894 140 944 tio,
171 909 252 953 qua
275 895 365 938 luce
388 902 482 938 tum
507 890 690 937 universa
713 892 847 936 anima
859 889 1097 936 illustratur.
1183 890 1224 933 ui
1236 889 1394 951 primus
1405 889 1553 933 mentis
1563 890 1688 935 veluti
1705 870 1840 949 22:222„
1864 911 1908 949 ea

69 957 256 1005 aetuscst.
275 960 425 1005 Caeteri
438 959 671 1018 autem‚q-ui
685 957 996 1018 consequuntur
1007 957 1121 1001 aetus
1139 956 1251 1011 (licet
1263 952 1441 1000 dubium
1455 952 1582 1000 videri
1596 956 1686 1015 pos.
1702 965 1838 1018 fimplex

69 1023 129 1075 fit,
149 1041 295 1070 annon
309 1023 542 1089 praecedant
555 1025 779 1070 voluntatis
802 1025 945 1079 actus>
973 1023 1198 1068 voluntatis
1210 1021 1317 1075 sunt,
1333 1037 1441 1082 quae,
1458 1021 1689 1067 intellectus
1700 1024 1875 1073 perceptio,

67 1091 222 1138 lumine
235 1106 414 1155 acceptO,
429 1093 531 1137 circa
546 1090 812 1153 quascunque
824 1106 952 1154 porro
965 1105 1023 1135 res
1034 1102 1276 1151 occupatur,
1301 1101 1395 1132 tum
1409 1087 1511 1132 circa
1525 1104 1685 1143 verum>
1702 1079 1808 1140 mm:

66 1170 157 1203 tum
170 1160 270 1204 circa
284 1159 461 1210 bonum,
478 1173 571 1206 tum
584 1154 834 1204 affirmando
848 1161 889 1202 &
905 1153 1207 1218 negand0‚tum
1222 1151 1511 1216 ample&endo
1524 1159 1565 1198 8<
1578 1153 1687 1217 fugi·
1701 1145 1898 1236 ἴὲἶῖςβω

67 1222 187 1270 endo.
218 1223 349 1272 Unde
361 1241 448 1270 non
461 1225 687 1270 intellectus
699 1257 711 1278 ‚
736 1221 801 1269 sed
823 1224 1015 1268 voluntas
1028 1222 1166 1284 potius
1176 1219 1330 1283 duplex
1342 1217 1400 1265 est
1414 1253 1426 1273 ‚
1462 1235 1538 1281 pro
1551 1218 1685 1266 diver-
1699 1242 1903 1281 voluntatis.

67 1289 115 1337 fis
127 1291 281 1338 affitibus
294 1290 326 1352 ej
334 1309 440 1347 us,ac
453 1305 580 1355 prout
592 1292 694 1337 circa
707 1306 765 1335 res
777 1290 842 1335 vel
851 1287 1187 1350 contemplandas
1200 1288 1264 1332 vel
1277 1283 1678 1349 agendasexercetur.

130 1362 209 1406 IV.
246 1357 457 1420 Adeoque
469 1357 673 1418 judicium
687 1372 774 1401 non
790 1354 840 1402 ad
852 1356 1107 1402 intelletffhim
1121 1389 1132 1406 ,
1150 1351 1216 1399 sed
1228 1352 1280 1398 ad
1292 1354 1549 1399 voluntatem
1565 1356 1687 1415 perti·
1705 1353 1864 1402 Adeoque

67 1437 157 1479 net3
176 1442 271 1471 cum
286 1424 490 1484 judicium
504 1423 676 1488 simplici
700 1421 883 1468 idearum
898 1423 1177 1485 perceptione,
1216 1421 1291 1481 qui
1304 1418 1456 1465 modus
1479 1419 1687 1483 cogitandi
1699 1410 1864 1470 juditium

65 1490 286 1538 intelleotui
301 1494 488 1555 proprius
499 1490 557 1537 est
568 1526 581 1542 ,
620 1488 750 1549 majus
761 1487 865 1550 quid
878 1488 999 1543 dicat,
1022 1489 1236 1549 aliumque
1258 1487 1316 1531 illi
1340 1486 1481 1531 actum
1504 1486 1689 1549 superad-
1701 1460 1904 1556 ῗζιῖἓζΐά

67 1555 150 1612 dat,
164 1557 268 1604 dum
280 1560 434 1605 oblatas
447 1559 495 1604 ab
508 1557 716 1603 intellectu
728 1554 833 1602 ideas
844 1556 908 1601 vel
921 1556 1077 1617 accipit,
1090 1555 1154 1600 vel
1167 1550 1418 1616 repudiat,&
1431 1568 1507 1615 pro
1521 1553 1689 1600 arbitrio
1703 1586 1787 1612 tem.

67 1639 136 1670 aut
148 1623 364 1688 conjungit
378 1640 446 1672 aut
456 1623 655 1686 disjungit
669 1658 680 1678 ‚
715 1624 908 1683 varieque
920 1638 980 1666 eas
992 1619 1157 1666 ordinat
1169 1637 1180 1672 ;
1209 1637 1303 1680 quae
1316 1620 1477 1665 alterius
1488 1618 1691 1667 facultatis

66 1692 172 1747 sunt,
198 1697 241 1737 &
267 1708 353 1737 non
381 1691 576 1754 {implices
601 1687 846 1752 percipiendi
872 1685 1017 1742 modi,
1054 1685 1120 1732 sed
1132 1691 1175 1732 δε
1187 1687 1357 1735 volendi
1387 1684 1560 1746 quidam
1573 1687 1688 1733 aetus

67 1757 170 1804 sunt.
203 1761 324 1804 Tum
349 1761 471 1805 etiam
496 1759 562 1802 ille
584 1756 963 1818 intellectusgenius
974 1752 1032 1799 est
1046 1788 1058 1808 ,
1072 1767 1120 1799 ut
1132 1753 1426 1815 cum-percipit,
1441 1750 1687 1798 determine-

67 1837 156 1876 tur;
174 1824 275 1871 ficut
288 1825 664 1871 voluntatisssnatura
677 1821 734 1867 est
745 1820 1025 1871 determinare.
1045 1821 1202 1866 Omnis
1214 1836 1313 1865 vero
1326 1820 1401 1879 qui
1409 1817 1565 1877 judicat
1578 1853 1590 1872 ,
1615 1818 1687 1865 de-

67 1893 268 1937 terminat.
304 1895 419 1954 Ergo
441 1888 619 1949 judicare
641 1889 864 1933 voluntatis
875 1886 945 1933 est.
983 1891 1118 1932 Porro
1129 1886 1288 1932 libertas
1299 1884 1526 1931 formaliter
1536 1884 1594 1930 est
1607 1902 1685 1930 vo-

68 1957 242 2012 luntatis,
256 1975 341 2003 non
357 1971 493 2003 autem
508 1957 748 2001 intellectus.
784 1955 858 2000 Illa
872 1967 1010 1999 autern
1023 1969 1110 1997 non
1121 1951 1179 1997 est
1192 1953 1234 1997 in
1247 1953 1507 2014 perceptione
1523 1985 1536 2005 ‚
1560 1950 1684 1997 sedin

67 2021 219 2082 judicio
243 2023 294 2070 de
316 2026 408 2070 illas
433 2022 621 2084 adeoque
644 2020 823 2079 judicare
846 2021 1050 2066 voluntati
1075 2017 1361 2065 tribuendum.
1399 2015 1537 2078 Qod
1549 2013 1683 2080 ipsum

32 2116 35 2118 ·
69 2107 239 2152 quoque
261 2092 502 2154 experientia
527 2089 676 2149 cuique
697 2086 839 2133 dictat.
874 2085 948 2133 Ad
961 2103 1036 2132 nos
1047 2086 1152 2148 ipsos
1163 2087 1274 2135 enim
1300 2083 1549 2131 attendentes
1560 2085 1687 2130 libere

69 2172 142 2203 nos
161 2156 351 2214 judicare,
379 2162 421 2202 &
446 2154 650 2202 affirmare
662 2172 706 2200 ac
718 2171 876 2217 negare,
902 2170 946 2199 ac
960 2154 1145 2200 volentes
1159 2151 1201 2197 id
1213 2151 1339 2198 facere
1352 2152 1609 2214 proprioque
1622 2168 1685 2195 ar-

69 2221 189 2269 bitrio
211 2224 404 2269 sentimus
416 2258 428 2277 ‚
464 2222 652 2283 adeoque
675 2237 762 2265 non
787 2219 872 2266 sine
896 2219 1049 2266 arbitrii
1061 2235 1105 2265 ac
1116 2220 1342 2264 voluntatis
1354 2219 1471 2269 actm
1500 2215 1618 2277 cujus
1630 2217 1686 2262 rei

68 2289 138 2353 ipsi
151 2290 270 2335 nobis
283 2290 434 2335 conscii
445 2290 596 2336 sumus.

81 2388 85 2390 -
129 2361 185 2404 V.
221 2354 354 2402 Unde
376 2373 450 2402 nec
474 2358 663 2402 voluntas
676 2371 789 2399 coeca
800 2351 870 2406 est,
898 2369 971 2399 nec
983 2351 1256 2398 abintellecfftu
1268 2348 1576 2397 determinatur.
1612 2347 1685 2395 Est
1703 2332 1855 2422 ἷξεὶἴζ

69 2424 174 2469 enim
186 2424 298 2468 astus
308 2424 567 2484 mentis,quae
579 2436 668 2468 tota
681 2423 754 2466 lux
768 2419 839 2473 est,
865 2425 907 2466 &
921 2419 1031 2465 mera
1046 2420 1297 2481 cogitatione
1310 2415 1470 2463 constat
1486 2435 1496 2462 ε
1524 2416 1683 2479 praeser-
1701 2452 1758 2478 nec
1779 2440 1820 2473 ab
1835 2408 1891 2474 11,-

67 2490 140 2535 tim
153 2506 246 2535 cum
261 2490 373 2535 actus
385 2490 614 2535 intelleffims
629 2493 669 2534 &
684 2488 906 2533 voluntatis
918 2486 954 2531 sc
968 2499 1122 2531 mutuo
1136 2487 1336 2530 immeent
1352 2518 1364 2538 ‚
1390 2488 1432 2528 &
1447 2482 1536 2546 ipsae
1550 2481 1614 2529 hae
1629 2482 1686 2528 fa·
1701 2495 1825 2534 temam
1837 2494 1900 2528 de·-

67 2557 225 2602 cultates
237 2571 322 2600 non
335 2557 490 2601 realiter
501 2590 513 2609 ‚
533 2554 598 2601 sed
613 2553 755 2617 agendi
769 2568 932 2599 tantum
948 2550 1082 2598 modo
1097 2556 1139 2597 &
1154 2549 1300 2596 ordine
1313 2547 1519 2596 differant.
1543 2551 1687 2595 Primo
1705 2551 1869 2588 termina-

68 2623 175 2669 enim
198 2624 292 2669 actu
316 2620 451 2668 homo
475 2623 643 2685 percipit
667 2625 710 2666 δε
732 2621 921 2682 intelligit
943 2653 956 2675 ‚
1005 2634 1264 2680 omnemque
1289 2630 1470 2662 mentem
1505 2615 1578 2662 ista
1603 2617 1692 2660 lucc
1708 2620 1776 2643 “⁴²‘-

1584 2682 1694 2745 spar-
