2367 3142
405 166 493 215 Diz
543 178 827 212 PECCATO
877 165 1276 214 ORIGINALR
1334 185 1338 189 ·
1601 184 1684 230 451

57 253 129 304 <vel
155 253 238 303 Dei
265 250 369 299 odio
394 253 569 316 dignum
583 289 596 306 ‚
627 254 691 299 vel
714 254 863 316 peccati
884 269 1009 315 poena
1033 251 1102 304 sit3
1137 271 1210 299 nec
1223 255 1344 300 etiam
1356 251 1430 301 effe
1441 254 1575 316 ipsum
1587 256 1689 302 adeo

0 322 2 365 ζ
67 335 312 385 corruptum
334 354 347 375 ,
399 322 503 382 quin
540 319 731 366 doctrina
754 336 799 365 ac
823 316 1029 383 promissis
1049 320 1214 365 excitari
1248 324 1290 365 &
1315 319 1367 366 ad
1391 324 1537 368 Deum
1566 322 1689 368 redu-

66 390 103 435 ci
127 386 265 451 possit.
813 427 815 430 Α

133 457 228 500 ΧΧ.
264 457 470 500 Naturam
493 466 631 499 autem
653 451 740 512 ejus
763 450 883 513 quod
907 452 1049 498 attinet
1063 485 1075 505 ,
1102 449 1202 497 dicit
1216 466 1424 513 peccatum
1441 450 1549 497 istud
1563 454 1689 498 totins
1708 451 1816 511 Hujiu
1827 464 1904 488 ‘'0²‘-

65 535 218 567 naturae
255 522 405 565 vitium
440 524 483 564 &
505 520 526 563 a
551 520 665 564 recto
689 516 835 564 ordine
859 516 1133 563 deviationem
1148 551 1160 571 ,
1188 535 1209 562 ³„
1224 519 1361 579 primo
1374 532 1472 565 ortu
1487 552 1500 572 ,
1529 520 1684 579 primiiL
1705 510 1860 553 ''⁶³⁰⁰’‘ss
1920 555 1923 560 .

68 603 150 648 que
164 588 310 631 mentis
322 585 657 647 cogitationibus,
683 586 718 629 ei
731 583 936 630 adnatam.
971 582 1260 643 Consistitque
1273 585 1314 628 in
1327 601 1392 638 eo,
1419 583 1539 645 quod
1551 583 1686 630 homo
1706 572 1847 599 'mmm’

66 654 122 699 ita
144 653 279 698 anima
291 668 334 697 ac
347 666 519 713 corpore
534 650 583 696 fit
595 648 857 704 constitutus,
882 663 931 695 ut
943 650 964 694 ὲ
977 662 1165 694 materno
1177 651 1528 712 uter0,primaque
1541 652 1690 697 utrius-

70 734 151 779 que
164 719 319 763 unione
331 751 344 772 ,
370 733 456 761 non
471 715 545 762 nisi
559 716 678 762 stulta
691 718 857 778 cogitet,
883 720 923 760 &
938 713 988 761 ad
998 713 1194 760 terrestria
1207 730 1361 777 pronus
1373 717 1444 761 vix
1457 717 1686 777 quicquam

67 785 173 830 ultra
197 798 337 829 motus
360 799 582 845 corporeos
605 782 783 828 somniet
796 815 807 835 ‚
843 797 917 826 nec
939 780 1078 826 divina
1102 797 1147 825 ac
1159 779 1312 826 coelesti
1325 782 1405 826 ulla
1418 798 1459 827 rc
1472 780 1685 828 afficiatur.

65 854 112 898 A
135 851 220 911 qua
245 850 389 895 aetuali
415 850 437 894 a.
462 852 560 894 Deo
584 846 791 893 aversione
802 882 815 902 ,
851 852 894 892 &
916 845 967 892 ad
992 847 1160 891 carnalia
1172 848 1434 893 inclinatione
1450 882 1462 901 ,
1499 864 1626 908 quam
1641 851 1682 893 in

69 915 159 980 ipfis
181 917 427 979 operationis
450 913 527 960 suae
542 912 777 977 primordiis
789 915 941 975 patitur
953 947 966 967 ,
1008 928 1223 972 quamque
1236 914 1410 975 repetitis
1420 913 1571 976 jugiter
1584 915 1684 960 affl-

71 983 146 1029 bus
158 981 394 1036 confirmat,
407 982 493 1027 talis
505 981 671 1026 vitiosus
683 978 844 1026 habitus
857 1013 869 1033 ,
897 979 1287 1041 ac-concupistentiae
1300 978 1537 1025 dominatus
1548 997 1591 1025 ac
1604 980 1684 1026 foe-

71 1048 122 1095 da
132 1050 198 1094 illa
211 1050 356 1094 animae
371 1048 529 1093 macula
540 1048 726 1092 exoritur
738 1081 748 1096 ‚
789 1061 917 1106 quarn
931 1046 1241 1106 corruptionem
1256 1046 1496 1107 originalem
1511 1047 1684 1108 appella-

70 1132 174 1162 mus.
212 1120 276 1160 Ita
298 1128 346 1160 ut
366 1112 432 1158 hic
453 1114 575 1158 etiam
602 1114 744 1158 locum
757 1110 900 1158 habeat
913 1145 925 1164 ,
962 1109 1081 1171 quod
1094 1109 1229 1156 homo
1241 1112 1352 1172 prius
1363 1113 1459 1157 actii
1472 1128 1599 1172 quam
1614 1110 1686 1157 ha-

66 1181 156 1228 bitu
168 1182 202 1227 se
216 1193 474 1243 corrumpam
491 1184 531 1225 &
548 1181 569 1223 {i
583 1181 810 1240 primarum
824 1178 1128 1239 cogitationum
1140 1177 1228 1222 labe
1241 1178 1377 1222 omnis
1389 1193 1518 1240 porro
1531 1194 1556 1223 n
1563 1192 1687 1224 aturae

68 1251 278 1311 corruptio
291 1247 467 1293 derivata
480 1263 524 1292 ac
536 1243 782 1293 confirmata
793 1243 927 1289 fuerit.
1633 1285 1649 1290 ,,

79 1344 85 1350 -
133 1319 248 1363 ΧΧἸ.
283 1314 423 1360 Habet
434 1326 570 1358 autem
585 1329 628 1358 ea
641 1326 854 1374 corruptio
865 1308 965 1356 duas
976 1306 1090 1370 quasi
1105 1323 1247 1372 parteS,
1261 1309 1514 1357 aversionem
1538 1313 1682 1357 animae
1702 1314 1834 1354 duabu}

68 1383 235 1433 abono,
264 1385 307 1426 &
330 1380 640 1425 inclinationem
653 1377 704 1424 ad
729 1379 902 1430 malum,
915 1377 981 1421 seu
994 1375 1363 1438 concupiscentiam
1376 1395 1388 1430 3
1417 1394 1596 1439 quarum
1618 1379 1684 1423 illa
1701 1372 1851 1423 partibus

69 1461 240 1514 ςιςηπκῶς
268 1448 339 1492 seu
363 1445 561 1509 privative
588 1465 598 1491 :
635 1448 783 1490 Omnes
802 1445 1131 1506 declinaverunt3
1154 1444 1274 1498 fimul
1291 1445 1659 1504 inutilesfiicitifimt
1674 1460 1684 1488 ι
1704 1429 1864 1478 constans.

71 1536 147 1564 non
160 1516 225 1576 est,
240 1521 310 1577 qui
314 1516 446 1575 faciat
458 1511 619 1563 bonum,
634 1530 712 1556 non
725 1513 790 1556 eff
801 1510 856 1555 ad
866 1526 997 1554 unum
1010 1510 1147 1570 usque.
1183 1512 1321 1556 Rom.
1336 1524 1427 1571 3:12.
1452 1509 1538 1555 haec
1558 1518 1688 1567 θεῖικῶς

70 1600 114 1630 ac
125 1581 301 1646 positive
313 1583 356 1626 in
368 1579 583 1641 Scripturis
596 1578 853 1640 exprimitur.
888 1576 1005 1621 Video
1018 1589 1155 1621 antem
1168 1576 1293 1620 aliam
1307 1579 1431 1641 legem
1441 1583 1482 1620 in
1494 1576 1686 1622 membris

71 1652 168 1695 meis
181 1647 471 1714 belligerantem
481 1644 672 1702 adverfits
682 1646 806 1710 legem
817 1650 1075 1695 mentis-meae,
1089 1647 1137 1693 (φ
1149 1648 1423 1703 captivantem
1436 1660 1499 1686 me
1512 1645 1586 1707 legi
1592 1660 1685 1705 pec·-

71 1723 251 1778 cati,quae
263 1713 314 1774 est
326 1721 366 1758 in
380 1711 569 1757 membris
580 1712 692 1756 meis.
726 1712 862 1758 Rom.
878 1727 921 1771 7:
939 1726 959 1753 2
969 1724 1003 1769 3.
1038 1711 1098 1752 Et
1108 1707 1215 1752 vidit
1225 1709 1545 1771 Dominurquod
1552 1711 1686 1755 multa

71 1780 166 1829 esset
177 1782 336 1826 malitia
346 1779 514 1824 hominis
525 1785 564 1823 in
578 1792 703 1829 terra,
728 1782 776 1829 ὠ
786 1775 1152 1838 omnefigmentum
1161 1780 1443 1839 cogitationum
1456 1775 1577 1820 cordis
1589 1789 1685 1819 ttin-

74 1846 164 1896 tiim
176 1850 334 1894 malum
346 1845 432 1905 esset
443 1851 551 1889 omni
561 1845 636 1890 die.
673 1843 789 1888 Gen.
805 1849 847 1887 6:
866 1855 902 1899 5.
940 1847 1050 1902 Qae
1061 1854 1151 1883 >non
1164 1840 1219 1884 ita
1230 1836 1445 1894 differunt,
1462 1839 1578 1901 quasi
1593 1857 1680 1886 non

74 1914 298 1976 utrobique
310 1910 359 1957 sit
370 1911 559 1973 privati03
576 1907 642 1954 sed
656 1906 775 1969 quod
787 1907 845 1952 ibi
858 1905 959 1953 abfit
973 1904 1133 1951 habitus
1144 1905 1294 1960 bonus,
1308 1903 1374 1953 hic
1388 1903 1491 1952 adlit
1504 1905 1682 1967 quidem

71 1977 245 2034 habitus,
269 1976 337 2024 sed
351 1977 426 2038 qui
439 1993 526 2021 non
539 1978 580 2021 in
596 1976 757 2020 rectum
770 1985 898 2027 exeat,
916 1988 1062 2019 verum
1084 1972 1269 2033 perverso
1281 1971 1450 2029 objecto
1463 1972 1498 2017 se
1512 1974 1680 2034 applicet

73 2065 117 2094 ac
129 2057 428 2108 corrumpatur.
459 2041 537 2088 -Est
548 2058 646 2104 ergo
658 2039 726 2086 hic
737 2038 964 2104 positivum
976 2054 1063 2083 non
1073 2035 1148 2082 nisi
1160 2038 1344 2100 logicum
1367 2071 1379 2092 ,
1404 2043 1446 2084 &
1458 2039 1545 2083 solo
1559 2055 1680 2084 voca-

75 2113 176 2160 bulo
188 2115 288 2164 tale;
315 2126 404 2171 quo
417 2110 621 2171 Scriptura
633 2109 789 2161 utitur,
812 2120 905 2152 tum
918 2121 968 2150 ne
980 2118 1195 2168 peccatum
1210 2103 1315 2150 illud
1326 2120 1403 2166 pro
1417 2121 1533 2150 mero
1546 2103 1679 2149 nihilo

72 2184 119 2226 ’δε
132 2180 241 2226 mere
255 2178 445 2240 negativo
458 2173 679 2222 habeamus
694 2208 707 2230 ,
731 2187 825 2219 turn
838 2187 886 2219 ut
898 2167 1253 2234 per-niciofissimos
1274 2171 1379 2216 illius
1391 2168 1563 2217 effeffus
1576 2187 1678 2216 con-

75 2244 304 2293 fideremus.
932 2282 934 2284 .

76 2329 82 2333 ·
139 2316 278 2358 XXII.
312 2309 553 2368 Subiectum
565 2304 798 2354 in'haefionis
809 2304 983 2352 e‘sttotus
994 2304 1219 2359 homogtum
1230 2305 1378 2358 anima,
1391 2318 1482 2351 tum
1496 2320 1682 2368 corpore.
1699 2301 1822 2355 Subjeae*
1870 2355 1881 2361 ,ι

75 2377 208 2426 Unde
220 2379 346 2424 menti
357 2378 520 2424 coecitas
531 2410 544 2431 ,
557 2374 759 2420 voluntati
772 2369 1002 2437 perversitas
1014 2405 1026 2422 ,
1064 2375 1107 2416 &
1119 2372 1286 2433 corpori
1297 2370 1475 2431 denique
1489 2389 1532 2416 ac
1547 2388 1678 2416 mem·
1699 2369 1789 2425 {sum
1805 2361 1886 2427 ‘'7⁴1³'’

75 2444 159 2491 bris
166 2445 331 2490 rebellio
341 2443 549 2503 insanique
560 2443 736 2503 impetus
745 2439 988 2487 tribuuntur
1001 2457 1011 2482 ε
1026 2440 1239 2483 Animalis
1251 2438 1380 2491 homo,
1393 2438 1531 2499 spiritu
1544 2441 1678 2484 recto·
1697 2418 1757 2509 J‘th
1766 2415 1863 2509 'fiis'

74 2526 119 2556 re
140 2510 368 2563 destitutus,
391 2528 467 2554 non
491 2514 638 2571 recipit,
661 2506 859 2568 approbat
872 2510 915 2550 &
928 2502 1122 2555 admittit,
1149 2521 1197 2548 ea
1210 2503 1393 2566 quaesiuit
1403 2509 1573 2567 Spiritus
1587 2510 1679 2551 Det.
1703 2488 1780 2564 ‚imm

75 2580 261 2636 Stultitia
274 2584 378 2624 enim
390 2577 460 2637 ipsi
455 2574 572 2632 fient.
604 2590 730 2636 neque
734 2572 857 2635 potest
869 2589 916 2616 ea
929 2571 1145 2636 cognoscere
1158 2586 1168 2620 3
1195 2579 1294 2631 quia
1307 2574 1569 2633 spiritualiter
1581 2588 1680 2617 exa-
1756 2553 1771 2575 ²

71 2649 287 2692 minantur
311 2649 358 2699 (φ
377 2642 417 2687 di
412 2642 670 2705 judicantur.
712 2656 746 2685 1.
762 2642 866 2688 Cor.
883 2655 919 2686 2:
941 2652 1007 2698 14.
1053 2637 1227 2696 Reliquae
1244 2652 1381 2703 gentes
1402 2636 1618 2687 ambulant
1641 2644 1683 2680 in

118 2732 121 2734 ·
1037 2705 1074 2749 L
1088 2702 1128 2747 ll
1163 2718 1185 2748 2.
1565 2710 1688 2750 vani-
