2367 3142
374 167 446 209 DE
493 177 697 210 PERSONA
742 167 785 208 &
832 178 1041 210 NATURIS
1086 165 1318 209 CHRISTI.
1592 184 1645 224 29

66 241 189 303 ipsttm
202 248 443 296 exinanivit,
466 242 867 303 dumformazmst’rvt'
876 244 1060 304 assumsit,
1084 242 1245 304 quando
1258 243 1564 300 insimilitudine
1576 246 1646 291 ho-

68 313 185 352 minis
197 315 259 368 este
271 316 426 370 mcepit‚
439 307 635 370 Phil.2:7.
648 312 760 354 Deus
772 308 822 367 est
835 308 1110 367 manifi’status
1121 315 1162 351 in
1177 325 1308 353 carne.
1339 324 1373 352 1.
1387 308 1504 352 Tim.
1521 325 1555 369 3:
1577 328 1591 356 1
1601 321 1640 359 6.

68 376 126 417 Et
127 374 259 430 sermo
272 391 362 419 caro
365 375 505 434 fastus
518 375 568 433 est
584 392 593 418 t
624 380 670 426 c&
684 373 885 418 habnavit
898 381 937 417 in
952 373 1075 426 nobis,
1095 372 1380 435 plenusgratid
1396 379 1444 425 (ᾖ
1456 381 1649 423 veritate.-

58 436 163 499 Joh.
185 455 219 483 1:
241 455 304 500 14.
343 445 452 498 Qae
466 435 656 484 assumtio
670 439 797 502 vulgo
805 439 1016 502 personalis
1029 437 1178 484 dicitur
1188 472 1201 489 ,
1233 436 1351 498 quod
1362 439 1530 501 propius
1543 457 1643 486 con-

0 525 1 542 ³
66 501 220 548 fideran
332 538 342 549 .

130 503 359 616 Xlndutgst
371 583 507 616 autem
515 573 679 633 perfima
691 584 833 615 natura
845 570 1062 623 rationalis,
1074 568 1155 631 ipsa
1168 583 1236 630 per
1248 568 1322 613 sese
1334 568 1559 624 subsistens,
1573 587 1645 617 nec
1668 581 1771 629 qualis
1781 581 1835 619 ma

66 636 178 680 alteri
201 634 362 682 cuidam
389 638 514 683 unita.
553 643 662 694 Qiae
676 636 920 697 subsistentza
943 651 1030 680 non
1054 633 1224 695 quidem
1249 634 1403 694 aliquid
1418 635 1644 696 positivum
1658 633 1739 686 fit?

66 698 190 754 dicit,
216 715 285 750 aut
297 700 529 762 quidquam
555 701 782 748 substantiae
805 701 1035 763 superaddit
1049 734 1061 755 ‚
1086 717 1183 745 cum
1197 701 1316 744 omni
1335 700 1564 749 substantiae
1579 718 1648 766 per

64 764 138 810 sese
151 766 336 813 existenti
348 765 560 814 necessario
571 770 808 819 conveniat3
838 767 902 813 sed
915 769 1034 812 illurn
1047 764 1274 811 substantiae
1289 765 1469 813 modum
1482 767 1650 824 indicat,

66 847 154 891 quo
166 833 231 878 illa
245 835 337 878 actu
362 848 432 895 per
443 835 479 879 se
495 836 699 895 completa
710 833 767 879 est
783 868 795 888 ‚
820 849 892 878 nec
905 831 956 878 ad
968 834 1126 878 alterius
1147 833 1200 876 rei
1214 831 1562 894 compositionem
1588 836 1652 880 vel

64 896 402 945 constitutionem
417 899 645 946 ordinatur.
682 898 916 945 Accedente
927 901 1035 943 enim
1050 899 1116 944 tali
1131 898 1389 950 ordinatione,
1399 901 1483 944 «vel
1494 898 1650 955 divina,

63 964 126 1008 vel
140 961 194 1008 hu
203 966 320 1009 mana
335 1000 346 1017 ,
373 967 539 1027 persona
551 962 624 1011 effe
640 964 786 1011 definit
803 984 813 1010 z
840 982 933 1026 quae
947 963 1154 1010 ordinatio
1169 962 1240 1025 ipfi
1254 965 1376 1009 etiam
1391 966 1570 1026 personae
1584 983 1648 1012 ac-

64 1026 193 1073 cidere
206 1029 351 1091 potest.

128 1097 248 1141 XIV.
283 1097 664 1144 Communicantur
689 1110 824 1143 autem
847 1095 940 1142 duae
966 1095 1192 1142 substantiae
1219 1108 1342 1155 atque
1365 1097 1646 1144 coalescuntin

62 1175 187 1204 unam
202 1161 505 1222 personam,ubi
519 1163 570 1207 ita
586 1163 911 1225 conjunguntur,
928 1177 974 1207 ut
985 1164 1161 1207 actiones
1173 1166 1213 1206 δε
1228 1159 1425 1222 passiones
1438 1164 1649 1223 utriusque

0 1243 1 1269 ÷
64 1227 143 1271 toti
156 1226 392 1290 composito
402 1230 621 1272 ⁴communi
637 1232 807 1273 nomine
820 1230 1017 1289 appellato
1044 1228 1329 1272 attribuantur.
1365 1232 1440 1272 Per
1452 1228 1571 1288 quod
1585 1231 1647 1275 ni-

0 1325 2 1335 ,
63 1289 306 1351 hilquiclem
329 1292 578 1355 positiviillis
600 1293 825 1339 substantiis
847 1292 1141 1355 superadditur,
1152 1291 1216 1337 scd
1231 1305 1393 1337 tantum
1408 1295 1560 1345 relatio,
1587 1311 1647 1341 at-

0 1376 2 1402 ;
37 1408 40 1409 ⁷
62 1373 146 1418 que
159 1357 254 1404 inde
279 1359 563 1405 denominatio
588 1361 734 1421 aliqua,
752 1376 820 1422 per
832 1358 1229 1409 oi·dinationem‚seu
1242 1357 1424 1405 divinam
1439 1392 1450 1412 ‚
1486 1362 1551 1405 seu
1567 1359 1645 1407 hu-

0 1439 2 1474 ζ
42 1471 44 1474 .
64 1438 228 1468 manam
235 1459 246 1470 .

130 1491 230 1536 XV.
266 1494 411 1551 Atque
422 1492 475 1537 ita
488 1492 529 1536 in
543 1489 623 1536 hoc
639 1489 851 1554 mysterio,
867 1497 958 1536 unio
965 1492 1175 1554 personalis
1189 1487 1290 1535 nihil
1306 1488 1415 1535 aliud
1428 1489 1498 1541 est,
1515 1508 1643 1552 quam

67 1553 184 1615 quod
197 1557 363 1617 persona
376 1555 546 1602 secunda
558 1558 745 1603 trinitatis
757 1592 767 1609 ‚
785 1573 879 1602 curn
896 1572 1008 1603 antea
1021 1573 1106 1601 non
1117 1554 1212 1602 esset
1222 1555 1444 1613 conjuncta
1458 1573 1552 1603 cum
1568 1558 1643 1603 alia

65 1622 208 1666 natura
231 1620 282 1668 ad
304 1621 646 1668 constituendum
673 1639 805 1668 unum
831 1621 1102 1685 suppositum,
1129 1638 1238 1667 nunc
1252 1637 1323 1684 per
1333 1620 1642 1669 ordinationem

66 1689 271 1748 propriam
286 1689 340 1734 ita
352 1705 447 1734 cum
462 1690 527 1734 illa
539 1687 825 1751 conjungatur,
854 1703 900 1734 ut
917 1689 1127 1748 utriusque
1139 1689 1319 1734 affitiones
1331 1692 1372 1733 ἃ
1386 1689 1545 1734 alterius
1558 1690 1643 1750 pas-

67 1750 195 1799 fiones
205 1755 285 1799 toti
297 1753 548 1816 compofitO,
562 1757 778 1800 communi
793 1756 964 1800 nomine
977 1756 1191 1816 appellato,
1209 1755 1492 1800 attribuantur.
1510 1755 1642 1801 Unde

67 1833 115 1862 ex
126 1816 283 1865 duabus
294 1817 396 1865 hisce
407 1821 560 1866 naturis
576 1837 707 1865 unum
723 1820 835 1881 quali
847 1822 888 1866 in
901 1819 1072 1866 Christo
1086 1822 1219 1865 oritur
1231 1819 1503 1882 suppositum,
1522 1820 1641 1881 quod

0 1900 5 1929 ·,
41 1915 43 1918 <
66 1883 160 1929 vere
174 1883 461 1940 subfistit,cum
473 1887 530 1931 illi
544 1888 712 1932 ulterior
723 1886 772 1933 acl
784 1888 900 1932 aliam
913 1883 1173 1931 substantiam
1186 1885 1393 1932 ordinatio
1403 1884 1642 1948 denegetur.

51 1987 62 1996 .
132 1952 252 1998 XVI.
289 1952 534 1999 Humanitas
545 1968 643 2015 ergo
656 1969 789 1998 revera
802 1952 968 2015 persona
980 1948 1126 2003 fuisset,
1141 1951 1168 1997 si
1182 1951 1262 1997 sola
1274 1949 1512 2003 substitiffet3
1530 1968 1641 1999 nunc

0 2032 5 2053 i
68 2029 202 2061 autem
226 2033 321 2063 cum
336 2017 357 2062 a
371 2019 508 2079 primo
521 2032 617 2063 ortu
631 2016 680 2064 ad
694 2032 880 2064 naturam
893 2017 1075 2064 divinam
1090 2016 1276 2063 ordinata
1287 2016 1409 2063 fuerit
1422 2051 1434 2070 ,
1458 2019 1500 2062 in
1525 2018 1638 2077 λόγῳ

67 2079 256 2137 subsistit,
268 2087 309 2129 δε
323 2100 419 2129 cum
432 2085 504 2129 illo
517 2100 649 2129 unum
664 2083 918 2146 suppositum
931 2083 1160 2130 constituit.
1196 2086 1263 2130 Ut
1277 2084 1381 2128 male
1392 2083 1646 2129 concludant

67 2148 283 2204 Sociniani,
307 2163 494 2196 naturam
506 2147 662 2195 Christi
673 2147 898 2196 humanam
923 2152 1133 2213 personam
1147 2145 1244 2201 esse,
1283 2150 1379 2210 quia
1390 2147 1448 2194 est
1459 2147 1642 2194 substan-

68 2213 121 2258 tia
143 2215 274 2275 prima
297 2216 537 2278 intelligens.
572 2214 707 2277 Qod
720 2217 760 2261 in
775 2233 818 2262 ea
829 2233 974 2263 verum
988 2213 1120 2262 fuisset
1134 2248 1145 2267 ‚
1183 2217 1243 2260 uti
1256 2216 1299 2260 in
1326 2217 1445 2260 omni
1458 2213 1640 2260 substan-

69 2278 121 2323 tia
134 2280 393 2343 intelligente,
415 2279 490 2327 nifi
504 2279 553 2326 ad
567 2280 749 2329 divinam
763 2297 951 2329 naturam
966 2280 1131 2327 condita
1143 2286 1184 2326 ὃ(
1196 2279 1382 2326 ordinata
1393 2278 1540 2326 fuisset.

72 2367 77 2373 ·
133 2348 273 2392 XVII.
311 2346 420 2392 Bene
432 2361 568 2393 autem
583 2346 776 2394 concludi
788 2347 884 2394 hinc
897 2347 1045 2410 potest,
1061 2364 1156 2393 cum
1171 2344 1411 2392 scholasticis
1423 2382 1435 2398 ‚
1455 2344 1639 2392 substan-

8 2432 11 2446 ·
69 2409 165 2456 tiam
175 2413 448 2459 irrationalem
461 2411 718 2476 hypostatice
731 2411 872 2460 assumi
886 2431 971 2459 non
985 2407 1197 2476 potuisse?
1210 2410 1288 2458 Sed
1302 2414 1404 2457 male
1416 2411 1539 2457 iidem
1552 2428 1643 2458 rur-

69 2474 132 2521 sus
144 2476 322 2524 inferunt
336 2512 349 2534 ‚
361 2480 575 2542 personam
588 2479 813 2527 humanam
827 2482 847 2526 a
862 2478 973 2539 λόγῳ
988 2477 1301 2542 affumptibilem
1315 2495 1400 2523 non
1414 2475 1643 2529 fuisse,cum

72 2539 135 2586 illa
157 2542 240 2600 jam
263 2546 471 2607 propriam
494 2547 816 2608 personalitatem
839 2545 996 2592 habeat.
1034 2545 1153 2603 Qid
1177 2544 1286 2589 enim
1311 2545 1377 2589 illa
1390 2544 1647 2607 personalitas

5 2626 8 2650 1
73 2607 181 2655 aliud
194 2608 314 2664 dicit,
343 2627 470 2673 quam
485 2611 603 2675 quod
614 2614 680 2660 illa
692 2612 742 2659 ad
765 2613 883 2660 aliam
898 2613 1110 2674 personam
1136 2609 1331 2658 haetenus
1354 2609 1540 2657 ordinata
1552 2624 1641 2653 non

990 2681 1035 2724 D
1074 2695 1092 2739 Ξ,
1543 2687 1644 2730 erat,

2259 732 2267 735 ι

2324 712 2338 1037 —---—⁴f—-—-⁷T

2357 1029 2358 1038 μ
2342 916 2363 982 ΣΞ*
2344 877 2346 905 “⁴
2343 834 2345 842 ”
2339 729 2364 822 ⁴====⁴
2346 761 2348 775 ⁴*
2344 682 2351 720 ’Ἴ
2357 659 2367 668 =
2352 622 2359 636 r
2351 593 2358 610 :2
