2419 3132
298 211 382 258 Dr.
415 207 707 257 Errizcnnvs
735 217 946 254 *meent
989 222 1046 255 m
1082 220 1242 258 samo
1281 221 1490 256 nomivit.
1659 226 1742 273 443

98 296 226 345 vabus
241 295 263 342 ὲ
277 298 375 343 Deo
389 293 492 341 datis
504 292 739 357 {impliciter
751 306 921 339 utantur
934 309 1020 338 non
1034 308 1293 356 peccant‚nec
1307 296 1350 340 in
1365 310 1416 340 eo
1435 290 1624 358 culpandi
1643 294 1666 337 s
1660 309 1748 341 unt.

110 364 281 426 Qibus
308 365 425 409 Deus
437 358 651 410 ostendere
666 360 802 406 voluit
815 393 828 410 ,
866 360 902 405 st
912 357 1062 406 habere
1070 359 1294 405 confilium
1307 362 1446 423 gratiae
1461 395 1473 415 ‚
1501 377 1545 406 ac
1559 358 1750 422 propoli-

103 444 204 477 'tum
231 426 444 475 miserendi
459 463 472 481 ,
509 432 552 472 &
565 425 770 488 quosdam
784 425 922 472 saltem
936 424 986 472 ad
1000 428 1128 472 vitam
1142 438 1336 472 ae'ternam
1363 425 1606 477 reducendi;
1637 427 1747 472 unde

114 512 197 542 una
220 512 320 542 cum
345 496 427 541 vita
451 509 626 539 omnem
652 491 761 556 spem
773 493 912 554 gratiae
927 489 1090 538 homini
1105 492 1323 555 pra-cidere
1336 494 1472 540 noluit
1486 527 1497 547 ,
1534 491 1597 538 scd
1611 495 1749 555 potius

113 562 426 625 longanimitate
449 558 523 606 ista
546 557 711 605 homini
737 558 1020 605 misericordiae
1035 575 1122 604 non
1137 560 1269 605 levem
1283 572 1446 607 tantum
1462 559 1746 622 suspicionem,

113 626 237 676 sed&
250 627 360 692 spem
373 624 500 673 dedit.
535 625 747 688 Reprobis
770 638 908 670 autem
933 626 1055 671 etiam
1082 623 1165 670 istis
1177 625 1382 671 beneficiis
1394 627 1430 671 se
1446 624 1639 672 testatum
1654 623 1747 671 red-

109 693 213 742 dere
235 695 370 740 voluit
382 727 395 748 ,
431 706 479 739 ut
502 708 589 737 non
614 689 809 736 haberent
840 689 960 751 quod
974 694 1118 736 Deum
1134 693 1360 737 accussirent
1372 706 1420 738 ut
1432 693 1657 745 immitem,
1682 693 1748 736 vel

116 759 341 815 crudelem,
366 776 465 806 cum
478 760 541 804 vel
554 755 605 804 ad
616 755 826 804 fastidium
840 756 952 804 bona
963 757 1031 803 sua
1043 759 1088 803 iis
1100 755 1248 805 offerat
1274 792 1288 814 ,
1325 772 1372 804 ut
1394 774 1482 803 non
1496 756 1570 803 nisi
1584 760 1749 821 propria

115 825 286 873 libidine
296 827 423 889 perire
434 822 603 889 poffint.

46 917 48 919 >
182 896 339 942 XXIX.
368 893 491 939 Circa
503 904 684 937 mortem
697 889 944 954 spiritualem
961 907 1046 936 non
1061 891 1147 937 leve
1160 905 1534 954 temperamentum
1547 889 1747 953 est‚quod
1760 902 1923 951 ssn'ritua⁴

117 961 306 1023 imaginis
317 960 395 1006 suae
406 959 597 1020 reliquias
609 992 622 1012 ,
658 973 703 1003 ac
715 970 915 1003 extremas
927 957 1064 1003 stiltem
1078 959 1217 1011 lineas,
1248 962 1291 1003 ὃ(
1307 959 1489 1021 pretiosae
1503 957 1616 1005 istius
1628 959 1747 1006 tabu·
1767 959 1847 1006 lem,

115 1028 170 1074 '1ae
195 1026 436 1089 fragmenta,
458 1026 502 1070 in
526 1023 700 1070 homine
725 1020 917 1087 superesse
942 1023 1080 1079 faciat,
1112 1025 1134 1070 ὲ
1150 1024 1300 1085 quibus
1313 1026 1439 1071 veluti
1451 1026 1749 1072 emorientibus

119 1091 241 1140 radiis
264 1090 440 1155 pristinae
463 1092 564 1139 lucis
587 1087 776 1153 splendor
800 1094 842 1135 δε
865 1090 997 1152 gloria
1008 1091 1169 1153 agnosci
1183 1105 1320 1151 queat.
1356 1094 1511 1154 Qalia
1523 1093 1670 1138 suntin
1684 1094 1748 1137 in-

120 1159 287 1206 telleem
311 1159 478 1204 rationis
499 1174 543 1203 ac
569 1154 762 1202 humanae
776 1154 973 1219 sapientiae
988 1158 1102 1209 usus,
1142 1158 1183 1204 in
1198 1158 1412 1204 voluntate
1424 1159 1576 1204 summi
1591 1159 1691 1204 boni
1705 1176 1747 1204 a·

120 1242 234 1279 mor,
257 1241 302 1270 ac
324 1225 553 1287 languentis
575 1223 721 1269 animae
736 1221 833 1277 sitis,
859 1240 953 1284 quae
967 1224 1079 1268 nulla
1092 1240 1134 1269 re
1146 1237 1302 1270 terrena
1315 1224 1441 1270 satiari
1453 1224 1587 1288 potest
1600 1242 1612 1277 ς
1642 1227 1749 1287 quin

117 1296 164 1339 &
177 1293 382 1338 virtutum
396 1288 652 1344 simulachra,
665 1290 872 1335 &artium
886 1306 930 1334 ac
941 1287 1245 1352 disciplinarum
1258 1289 1497 1337 adinventio
1522 1326 1534 1346 ,
1575 1309 1669 1354 quae
1684 1294 1747 1338 vi-

114 1372 175 1406 :1ae
199 1356 392 1404 humanae
415 1358 548 1403 multa
570 1353 802 1402 commoda
821 1359 868 1400 ⁴&
892 1369 1090 1402 ornatum
1103 1373 1146 1402 ac
1158 1355 1280 1403 decus
1293 1355 1466 1404 addunt.
1505 1365 1612 1422 Qo
1625 1361 1748 1405 etiam

119 1425 296 1491 pertinet
320 1425 558 1471 multorum
570 1435 833 1487 peccatorum
845 1437 891 1468 ac
902 1422 1094 1468 scelerum
1107 1424 1149 1468 in
1162 1421 1254 1486 ipsis
1267 1420 1502 1470 infidelibus
1513 1423 1745 1489 impeditio,

121 1508 168 1539 ac
192 1501 336 1541 παιδεία
362 1503 460 1548 istil»
483 1490 685 1555 disbiplina
698 1496 884 1553 gentium
894 1523 909 1545 ,
935 1489 1034 1535 Psal.
1049 1506 1124 1550 94:
1147 1507 1215 1536 10.
1252 1495 1353 1552 Qa
1376 1490 1547 1537 coelestis
1572 1493 1747 1538 censurae

116 1558 325 1606 'stveritate
338 1556 522 1605 mundus
533 1554 600 1602 hic
611 1557 848 1603 continetur
861 1590 873 1611 ,
901 1553 1189 1602 ne'hominum
1201 1557 1408 1604 societates
1421 1575 1464 1604 ac
1477 1572 1624 1613 coetus,
1650 1562 1747 1621 qui-

122 1627 201 1674 bus
223 1624 325 1672 nihil
348 1626 502 1672 beatius
519 1625 563 1669 in
587 1620 662 1668 hac
674 1620 824 1669 mundi
836 1624 1102 1686 corruptione
1114 1621 1200 1669 dari
1213 1622 1347 1686 potest
1359 1658 1373 1679 ,
1407 1622 1676 1678 divellantur,
1704 1643 1748 1672 ac

117 1691 167 1740 in
179 1710 292 1740 mera
299 1692 513 1738 latrocinia
525 1690 782 1754 degenerent.
817 1692 888 1737 Ut
900 1691 1014 1735 enim
1024 1691 1145 1737 Deus
1156 1688 1390 1736 humanum
1403 1707 1531 1754 genus
1543 1707 1668 1747 amat,
1692 1694 1748 1739 ita

122 1761 325 1824 praecipue
346 1757 453 1804 bene
477 1754 690 1802 ordinatos
706 1772 860 1801 eorum
874 1770 1005 1802 coetus
1018 1791 1030 1811 ,
1066 1754 1379 1819 hominumque
1390 1772 1544 1805 mutuo
1558 1758 1595 1805 ie
1607 1775 1749 1805 aman-

121 1829 232 1873 tium
245 1843 289 1872 ac
300 1825 537 1884 juvantium
550 1836 793 1876 conventus,
806 1839 907 1884 quas
919 1824 1077 1886 politias
1090 1840 1301 1878 vocamus,
1312 1837 1440 1870 curat.
1474 1826 1590 1870 Hinc
1602 1841 1748 1889 paren-

123 1907 244 1946 tum,
273 1888 586 1955 magistratuum
602 1923 616 1944 ,
638 1887 915 1934 dominorum
930 1891 1219 1936 auetoritatem
1233 1903 1398 1945 tuetur,
1433 1889 1598 1953 istisque
1622 1894 1750 1939 veluti

123 1961 322 2024 repagulis
333 1972 597 2023 peccatorum
610 1972 653 2002 ac
665 1955 831 2002 miseriae
844 1957 1007 2003 cursum
1019 1956 1153 2019 aliqua
1165 1973 1216 2004 ex
1228 1971 1340 2020 parte
1351 1958 1506 2004 morari
1515 1974 1559 2004 ac
1570 1957 1749 2024 impedi-

121 2043 168 2074 re
179 2026 293 2073 solet.

194 2095 330 2140 XXX.
364 2088 659 2153 Tandemque,
681 2087 752 2137 etsi
778 2104 960 2138 mortem
986 2106 1179 2139 :eternam
1204 2108 1292 2138 non
1319 2091 1486 2147 anstrat,
1508 2105 1648 2140 tamen
1661 2092 1749 2141 vasa
1770 2112 1816 2152 (9-
1831 2126 1928 2152 mr.

127 2162 212 2216 irae,
224 2159 275 2206 ad
287 2161 500 2206 interitum
512 2171 731 2222 praeparata
743 2192 754 2213 ‚
767 2157 1059 2221 sapientissimis
1071 2157 1208 2206 modis
1218 2160 1538 2222 regit,suamque
1559 2171 1749 2220 χρηςέ-,η-,κ
1769 2180 1868 2207 nam.

129 2225 456 2290 ac-perffliones
468 2241 613 2271 omnes
627 2223 735 2270 varie
749 2223 944 2272 ostendi-t.
994 2231 1036 2271 Si
1049 2225 1146 2272 verb
1161 2229 1298 2272 volens
1310 2231 1425 2272 Deus
1438 2226 1631 2287 ostendere
1643 2236 1751 2274 iram

132 2299 181 2348 ὠ
206 2308 344 2339 notam
359 2294 495 2356 facere
511 2298 735 2355 potentiam
749 2290 890 2349 fitam,
915 2294 1010 2338 tulit
1033 2301 1074 2338 in
1101 2294 1235 2338 multa
1259 2296 1561 2356 longanimitate
1575 2294 1674 2353 vasa
1686 2303 1750 2340 irae

131 2375 275 2423 aptata
288 2360 344 2404 ad
351 2365 564 2404 interitum
577 2374 588 2409 3
618 2364 666 2410 (ῤ’
680 2372 728 2402 ut
740 2373 852 2403 notas
855 2360 1014 2420 faceret
1030 2360 1195 2404 divitias
1202 2359 1417 2422 gloriaesuae
1428 2367 1469 2404 in
1483 2361 1585 2420 vasa
1598 2362 1749 2418 miseri-

123 2426 612 2488 -cora'iae,quaepraeparavit
624 2424 681 2469 ad
681 2425 858 2486 gloriam
874 2444 883 2470 :
898 2441 986 2470 non
998 2422 1118 2470 habet
1130 2423 1372 2488 potestatem
1389 2427 1404 2472 ζ
1420 2429 1460 2473 R
1468 2444 1554 2474 om.
1561 2445 1603 2485 9:
1612 2446 1632 2474 2
1641 2446 1679 2482 2,
1687 2445 1751 2490 23.

132 2498 234 2540 Aut
256 2492 415 2536 divitias
445 2490 634 2535 bonitatis
648 2491 761 2553 ipfius
775 2497 824 2544 όν
838 2492 1051 2538 tolerantiae
1064 2509 1112 2537 ac
1125 2495 1439 2555 longanimitatis
1450 2504 1664 2540 contemnis
1679 2513 1688 2540 :
1717 2502 1754 2539 i-

126 2556 429 2624 gnoramquod
437 2555 594 2602 bonitas
604 2561 687 2603 Dei
699 2556 756 2601 ad
765 2559 1063 2622 rtfipiscentiam‘
1079 2573 1116 2602 te
1129 2558 1255 2604 ducat
1270 2557 1285 2604 ἶ.
1314 2560 1482 2606 Rom.2
1492 2577 1548 2622 :4
1563 2559 1753 2606 tandem-

133 2641 218 2689 que
241 2639 382 2687 poenas
404 2623 502 2685 ipfizs
520 2623 579 2668 ita
601 2635 824 2686 temperat,
855 2637 903 2670 ut
926 2638 1136 2687 peccatum
1150 2640 1238 2669 non
1251 2625 1448 2672 omnibus
1461 2624 1598 2674 modis
1609 2627 1754 2690 puniat

136 2691 288 2756 quibus
313 2688 449 2752 puniri
460 2687 597 2751 potest
609 2705 622 2741 ;
649 2687 825 2744 &,ficut
836 2691 946 2735 bona
960 2706 1081 2752 opera
1094 2691 1199 2737 ultra
1211 2688 1471 2753 condignum
1484 2695 1751 2749 remunerari,

134 2759 188 2806 ita
200 2768 357 2820 peccata
369 2756 468 2801 citra
479 2753 739 2818 condignum
751 2754 958 2803 vindicare
970 2755 1105 2802 soleat.
1322 2760 1363 2805 K
1376 2756 1404 2804 k
1418 2757 1446 2804 k
1483 2775 1505 2804 z
1642 2764 1751 2808 CA-
