2394 3197
495 302 617 351 primo.

465 631 484 655 2
493 629 634 656 matura

464 672 565 721 hujus
588 685 618 711 te
626 694 637 700 -

465 727 639 774 (lamenti,

465 795 534 832 qua
554 783 626 832 fuit

467 840 586 887 typica.

471 1412 652 1456 Hereditas

473 1473 649 1520 ejus‚rerra

471 1531 640 1572 Cannam,

475 1592 517 1620 ut
539 1583 611 1621 coelz'

473 1639 608 1687 pignus.

684 205 770 270 5⁸84
1081 209 1801 257 L113.1V.CA1›uT
1867 210 1903 255 I.

684 301 790 342 rant,
808 303 904 334 cum
919 286 1091 353 diversas
1103 288 1359 351 acquirendae
1373 290 1505 336 salutis
1517 291 1599 335 vias
1610 286 1942 335 commonstrent
1957 304 1969 341 3
1994 290 2126 335 Vetus
2138 291 2179 335 δι’
2194 289 2303 350 Νῦν,

688 353 878 402 Testam.
892 371 979 400 non
993 354 1067 401 nifi
1084 355 1392 411 accidentaliter,
1419 362 1460 402 ἃ
1474 372 1662 419 tempore
1674 372 1717 401 ac
1729 353 1877 417 gradu,
1892 352 2043 401 distant
2058 371 2070 408 ;
2098 371 2193 401 curn
2209 355 2306 414 ejus-'-

688 419 786 467 dem
811 421 978 469 foederis
1003 424 1140 485 gratiae
1167 421 1330 469 diversae
1346 422 1425 470 fint
1438 422 1822 476 administrationes,
1847 422 2103 483 eandemque
2114 419 2306 484 hereditass

688 500 774 533 tem
799 490 862 534 vel
884 490 1036 552 typice,
1063 503 1110 536 ut
1121 491 1163 534 in
1176 494 1273 538 Vet.
1286 488 1471 536 Testam.
1497 490 1563 535 vel
1577 489 1712 553 reipsa,
1740 501 1787 534 ut
1798 489 1841 533 in
1851 504 1983 544 nom,
2009 486 2170 535 tradant
2182 493 2224 535 &
2235 488 2306 535 obi-

683 551 855 616 fignent.

759 624 833 666 IX.
871 625 1090 668 Naturam
1115 620 1237 681 hujus
1251 621 1474 684 testamenti
1487 620 1604 683 quod
1619 622 1761 668 attinet
1776 655 1788 675 ‚
1812 618 1915 667 nihil
1938 619 2048 667 aliud
2076 619 2154 667 fuit
2166 619 2239 667 nifi
2253 634 2305 667 te-

695 684 813 733 stam.
825 690 1034 751 typicum,
1046 687 1339 735 testamentum
1351 690 1488 752 gratiae
1501 724 1512 740 ‚
1530 687 1649 750 quod
1663 688 1842 751 patribus
1854 686 2163 746 promiffu1n‚&
2175 689 2217 733 in
2229 689 2305 751 ple-

692 753 881 800 nitudine
903 757 1102 818 temporis
1123 753 1418 809 exhibendum,
1445 773 1489 802 ac
1504 769 1639 801 morte
1651 753 1851 800 testatoris
1861 752 2199 800 confirmandum
2215 767 2304 810 erat,

692 818 944 867 adumbrans
962 855 975 876 ,
1003 823 1123 882 eique
1144 824 1274 885 longo
1297 835 1484 885 tempore
1508 823 1716 885 prelucens
1729 855 1742 876 ,
1770 838 1814 867 ac
1826 819 2137 884 promulgando
2150 821 2252 867 olim
2264 821 2302 867 in

685 885 855 932 mundo
867 902 1150 934 commeatum
1163 904 1316 952 parans.

757 955 812 1000 X.
847 956 1020 1017 Duplex
1042 956 1153 1000 enim
1178 969 1261 1000 erat
1284 956 1369 1001 Dei
1394 953 1656 1018 propolitum
1680 952 1732 1001 de
1747 951 1967 1016 hereditate
1979 970 2024 1000 ac
2034 954 2161 1017 gratia
2173 956 2304 1001 Eccle-

692 1017 759 1066 s1ae
783 1018 941 1072 dandssu
968 1035 1038 1067 aut
1063 1023 1199 1084 potius
1221 1020 1314 1068 duae
1326 1020 1505 1081 ejusdem
1519 1019 1719 1084 propositi
1732 1035 1873 1083 partes.
1903 1038 1919 1066 1
1930 1055 1940 1066 .
1954 1019 2006 1067 de
2017 1018 2150 1066 danda
2172 1015 2304 1067 semini

694 1082 929 1132 Abrahami
954 1085 1188 1134 haereditate
1210 1090 1347 1151 typica
1359 1124 1370 1139 ,
1412 1101 1535 1149 atque
1549 1087 1621 1134 ista
1634 1089 1849 1150 potiorum
1863 1086 2078 1133 bonorum
2092 1087 2250 1150 pictur&
2265 1095 2302 1134 ac

692 1148 923 1198 arrhabone
936 1152 1123 1200 Ecclefiae
1138 1153 1220 1200 fide
1232 1155 1397 1200 interim
1410 1152 1574 1200 solanda
1588 1171 1631 1200 ac
1644 1151 1900 1199 sustentanda
1915 1188 1926 1208 ‚
1951 1151 2072 1215 quod
2083 1157 2214 1202 Vetus
2226 1155 2303 1200 Te-

693 1215 888 1265 stam.est.
904 1218 1211 1284 2.delargienda
1224 1222 1306 1284 ipsa
1317 1219 1536 1282 hereditate
1547 1219 1719 1274 coelesti,
1734 1219 1818 1266 fine
1831 1221 1923 1266 velo
1937 1237 1980 1266 ac
1992 1220 2189 1275 nube‚aut
2198 1233 2303 1266 terrae

692 1283 863 1342 alicujus
888 1287 1062 1349 pignore
1085 1304 1129 1332 ac
1141 1288 1343 1341 servitute,
1368 1303 1467 1332 cum
1480 1289 1594 1350 plena
1606 1285 1760 1346 justitia
1773 1291 1815 1332 &
1828 1287 2024 1342 libertate,
2038 1287 2203 1348 unaque
2214 1301 2303 1350 gen-

696 1351 804 1395 tium
820 1349 1038 1413 hereditate
1052 1356 1092 1398 in
1106 1352 1178 1399 hac
1191 1354 1275 1399 vita
1291 1374 1299 1399 :
1316 1371 1408 1415 quae
1423 1357 1603 1399 Novum
1617 1353 1737 1400 Test.
1749 1352 2024 1400 constituunt.

766 1420 842 1463 XI.
878 1422 993 1463 Cum
1007 1437 1106 1482 ergo
1119 1437 1247 1466 omne
1260 1419 1549 1466 testamentum
1562 1418 1611 1466 de
1625 1418 2006 1481 haereditatoaliqua
2019 1419 2220 1483 disponat,
2230 1416 2304 1466 hae-

701 1481 848 1529 reditas
866 1487 1009 1531 Veteri
1022 1485 1215 1532 Testam.
1240 1484 1444 1549 assignata,
1459 1485 1518 1532 est
1531 1500 1635 1533 terra
1650 1491 1882 1538 Canaan,u‘t
1897 1482 1989 1532 coeli
2005 1488 2174 1550 pignu53
2201 1484 2261 1546 cuj
2268 1499 2305 1531 us

695 1546 886 1611 poffeffio
896 1549 1113 1613 heredibus
1124 1552 1334 1615 pecudum
1347 1570 1491 1598 cruore
1504 1570 1547 1599 ac
1560 1554 1823 1599 victimarum
1840 1566 1975 1598 morte
1987 1551 2230 1599 confirmata
2241 1549 2317 1617 est.¹

695 1618 802 1662 Haec
814 1618 894 1662 sola
907 1619 1017 1663 enim
1031 1617 1242 1665 haereditas
1253 1621 1294 1664 in
1309 1617 1389 1664 hoc
1402 1618 1587 1665 Testam.
1602 1618 1919 1665 commonstrari
1933 1617 2064 1681 potest
2078 1636 2089 1670 3
2107 1633 2305 1682 quae‚pro-

697 1679 882 1728 miffioni
895 1688 1065 1730 Patrum
1080 1684 1345 1748 superaddita,
1363 1684 1427 1733 isti
1440 1685 1684 1732 testamento
1697 1687 1901 1747 peculiaris
1912 1684 2060 1737 est,nec
2074 1686 2177 1731 ultra
2190 1698 2305 1747 quam

699 1746 750 1794 ad
776 1752 894 1795 Nov.
908 1749 1025 1797 Test.
1049 1764 1237 1813 tempora
1249 1750 1513 1815 perduratura
1525 1765 1621 1798 erat.
1657 1755 1767 1799 Vitae
1780 1753 1892 1798 enim
1918 1765 2075 1798 aeternae
2089 1748 2306 1814 promiffio,

699 1821 800 1860 curn
813 1817 1003 1861 universo
1014 1816 1164 1864 foederi
1178 1819 1259 1864 Dei
1272 1853 1283 1869 ,
1322 1816 1568 1879 diverlisque
1580 1817 1664 1878 ejus
1677 1819 1923 1864 oeconomiis
1934 1819 2174 1864 communis
2186 1816 2247 1871 fit,
2271 1827 2306 1862 ac

699 1879 784 1939 jam
798 1896 890 1927 ante
902 1881 1219 1929 Testamentum
1233 1888 1366 1933 Vetus
1379 1884 1607 1930 obtinuerit
1632 1919 1644 1939 ,
1679 1901 1754 1930 nec
1766 1901 1816 1930 eo
1830 1882 1968 1947 postea
1992 1885 2205 1944 antiquato
2217 1882 2307 1945 pari-

701 1961 764 1993 ter
776 1949 1029 2009 antiquetur,
1044 1949 1109 1995 sed
1123 1950 1195 1996 sub
1210 1952 1390 1997 Nov.T.
1402 1951 1523 1996 etiam
1537 1951 1735 2002 obtineat,
1751 1951 1893 2010 ibique
1906 1951 2136 2012 impleatur,
2152 1967 2195 1995 ac
2207 1947 2306 1996 deni-

704 2030 789 2074 que
802 2014 876 2059 sub
887 2019 983 2062 Vet.
997 2018 1055 2062 T.
1064 2031 1155 2061 non
1168 2018 1331 2080 proprie
1344 2017 1382 2061 vi
1395 2015 1507 2062 istius
1519 2016 1772 2068 testamenti,
1815 2015 1881 2062 sed
1894 2018 1933 2061 vi
1951 2013 2228 2079 promissionis
2240 2019 2302 2075 Pa-

699 2080 832 2126 tribus
852 2079 986 2136 factae,
1012 2098 1056 2128 ac
1080 2098 1151 2145 per
1163 2084 1307 2128 omnia
1319 2081 1504 2129 Ecclefiae
1517 2097 1704 2146 tempora
1717 2084 1917 2129 manentis
1931 2117 1943 2137 ,
1967 2084 2108 2128 locum
2123 2080 2307 2145 habuerit,

705 2147 865 2194 Veteris
888 2146 1072 2193 Testam.
1106 2146 1375 2211 hereditatem
1398 2148 1643 2196 constituere
1666 2150 1728 2195 vel
1754 2150 1956 2195 absolvere
1970 2165 2055 2193 non
2071 2146 2214 2210 potest.
2251 2147 2307 2193 Ut

705 2221 794 2257 non
818 2214 891 2259 alia
904 2211 971 2261 hic
984 2213 1150 2277 superfit
1162 2213 1359 2277 hereditas
1383 2231 1509 2275 quam
1523 2228 1637 2262 terrae
1652 2220 1818 2261 Canaan
1834 2250 1845 2270 ,
1873 2217 1915 2260 in
1930 2216 2021 2260 coeli
2036 2217 2184 2278 pignus
2198 2230 2239 2259 ac
2251 2219 2307 2277 ty-

705 2294 808 2341 pum
824 2283 932 2340 (non
945 2281 1055 2325 enirn
1068 2278 1155 2326 haec
1167 2280 1279 2326 mere
1293 2280 1490 2328 terrestria
1502 2296 1613 2327 erant
1626 2298 1637 2333 3
1654 2280 1718 2327 sed
1731 2280 1889 2328 easdem
1903 2279 2081 2327 coelestes
2093 2275 2309 2344 promiffio-

704 2360 774 2391 nes
798 2347 841 2390 in
865 2359 972 2408 typo
997 2363 1041 2391 ac
1065 2345 1290 2393 arrhabone
1303 2346 1481 2394 Ecclefia
1494 2345 1721 2410 poffidebat
1735 2383 1747 2402 ‚
1783 2345 1883 2409 quas
1896 2346 2053 2408 alioqui
2068 2349 2108 2392 vi
2122 2348 2306 2411 primaevae

706 2409 988 2474 promiffionis
1012 2412 1140 2460 nudas
1153 2447 1166 2468 ‚
1190 2431 1233 2459 ac
1258 2412 1342 2459 fine
1367 2414 1514 2459 umbra
1527 2418 1569 2459 δε
1581 2411 1687 2476 typo
1700 2412 1908 2460 habuerat.
1932 2419 1952 2468 )
1993 2420 2138 2476 Qam
2162 2414 2233 2474 qui
2254 2424 2308 2456 ne·

705 2491 818 2540 gant,
834 2478 891 2523 illi
903 2490 973 2523 aut
985 2479 1149 2523 nullum
1163 2478 1422 2526 constituunt
1433 2484 1566 2528 Vetus
1581 2478 1912 2530 Testamentum,
1926 2479 2114 2542 negando
2128 2480 2230 2524 illius
2240 2475 2307 2540 hae-
2335 2473 2338 2531 l

707 2541 944 2595 feditatem3
971 2557 1040 2590 aut
1062 2544 1168 2590 illud
1192 2562 1288 2591 cum
1315 2562 1430 2591 novo
1454 2544 1733 2593 confundunt.
1772 2545 1904 2593 Unde
1929 2547 1970 2590 in
1998 2547 2145 2592 tabulis
2169 2541 2309 2590 foederis

708 2607 886 2672 expressa
908 2611 1014 2655 illius
1030 2608 1272 2657 haereditatis
1283 2613 1442 2659 mentio
1456 2611 1514 2658 est
1530 2631 1539 2657 ε
1567 2617 1632 2668 Ut
1640 2616 1842 2679 prolonget
1854 2615 1933 2659 dies
1946 2627 2032 2658 tuos
2046 2611 2168 2675 sttper
2180 2621 2309 2657 terram
2328 2605 2330 2656 l

709 2676 838 2729 illam,
855 2694 982 2739 qnam
992 2676 1168 2741 Jehova
1183 2682 1297 2728 Dens
1308 2693 1404 2727 mus
1415 2678 1489 2726 dat
1501 2677 1587 2733 nbi,
1620 2677 1909 2731 Exod.2o:12.
1948 2682 2014 2727 Ac
2030 2675 2239 2726 clarissime
2251 2670 2308 2720 istst
2335 2642 2339 2718 i

2267 2734 2311 2790 a
2335 2732 2339 2806 i

2267 2865 2296 2887 -τῆ
2336 2852 2338 2890 l

2245 3005 2342 3197 il
