<?xml version="1.0" encoding="UTF-8"?>
<!DOCTYPE html PUBLIC "-//W3C//DTD XHTML 1.0 Transitional//EN"
    "http://www.w3.org/TR/xhtml1/DTD/xhtml1-transitional.dtd">
<html xmlns="http://www.w3.org/1999/xhtml" xml:lang="en" lang="en">
 <head>
  <title>
</title>
<meta http-equiv="Content-Type" content="text/html;charset=utf-8" />
  <meta name='ocr-system' content='tesseract 3.04.00' />
  <meta name='ocr-capabilities' content='ocr_page ocr_carea ocr_par ocr_line ocrx_word'/>
</head>
<body>
  <div class='ocr_page' id='page_1' title='image "./francisciburmann02burm/francisciburmann02burm_0388.png"; bbox 0 0 2394 3197; ppageno 0'>
   <div class='ocr_carea' id='block_1_1' title="bbox 472 1046 652 1258">
    <p class='ocr_par' dir='ltr' id='par_1_1' title="bbox 473 1046 627 1094">
     <span class='ocr_line' id='line_1_1' title="bbox 473 1046 627 1094; baseline -0.013 -11"><span class='ocrx_word' id='word_1_1' title='bbox 473 1057 490 1091; x_wconf 80' lang='lat'><em>3</em></span> <span class='ocrx_word' id='word_1_2' title='bbox 503 1077 510 1083; x_wconf 92' lang='lat'>.</span> <span class='ocrx_word' id='word_1_3' title='bbox 527 1046 627 1094; x_wconf 79' lang='lat' dir='ltr'>Origo</span> 
     </span>
    </p>

    <p class='ocr_par' dir='ltr' id='par_1_2' title="bbox 472 1100 652 1258">
     <span class='ocr_line' id='line_1_2' title="bbox 472 1100 642 1148; baseline -0.012 -11"><span class='ocrx_word' id='word_1_4' title='bbox 472 1100 518 1145; x_wconf 59' lang='grc' dir='ltr'>ά·</span> <span class='ocrx_word' id='word_1_5' title='bbox 532 1103 642 1148; x_wconf 80' lang='lat' dir='ltr'>prima</span> 
     </span>
     <span class='ocr_line' id='line_1_3' title="bbox 472 1155 652 1199; baseline 0.006 -7"><span class='ocrx_word' id='word_1_6' title='bbox 472 1155 570 1199; x_wconf 71' lang='lat' dir='ltr'><em>hujus</em></span> <span class='ocrx_word' id='word_1_7' title='bbox 583 1155 652 1199; x_wconf 63' lang='lat' dir='ltr'>tesi.</span> 
     </span>
     <span class='ocr_line' id='line_1_4' title="bbox 472 1210 647 1258; baseline 0.011 -12"><span class='ocrx_word' id='word_1_8' title='bbox 472 1210 647 1258; x_wconf 70' lang='lat' dir='ltr'>institutio.</span> 
     </span>
    </p>
   </div>
   <div class='ocr_carea' id='block_1_2' title="bbox 480 1984 642 2089">
    <p class='ocr_par' dir='ltr' id='par_1_3' title="bbox 480 1984 642 2089">
     <span class='ocr_line' id='line_1_5' title="bbox 481 1984 642 2023; baseline -0.006 -1"><span class='ocrx_word' id='word_1_9' title='bbox 481 1984 642 2023; x_wconf 60' lang='lat' dir='ltr'>rainiaria-</span> 
     </span>
     <span class='ocr_line' id='line_1_6' title="bbox 480 2040 548 2089; baseline 0.029 -14"><span class='ocrx_word' id='word_1_10' title='bbox 480 2040 548 2089; x_wconf 71' lang='lat' dir='ltr'>ejus</span> 
     </span>
    </p>
   </div>
   <div class='ocr_carea' id='block_1_3' title="bbox 514 2313 638 2363">
    <p class='ocr_par' dir='ltr' id='par_1_4' title="bbox 514 2313 638 2363">
     <span class='ocr_line' id='line_1_7' title="bbox 514 2313 638 2363; baseline 0.04 -14"><span class='ocrx_word' id='word_1_11' title='bbox 514 2313 638 2363; x_wconf 63' lang='lat' dir='ltr'>typicas</span> 
     </span>
    </p>
   </div>
   <div class='ocr_carea' id='block_1_4' title="bbox 2277 0 2394 354">
    <p class='ocr_par' dir='ltr' id='par_1_5' title="bbox 2277 0 2394 354">
     <span class='ocr_line' id='line_1_8' title="bbox 2277 0 2394 354; baseline 0 0"><span class='ocrx_word' id='word_1_12' title='bbox 2277 0 2394 354; x_wconf 95' lang='lat' dir='ltr'>  </span> 
     </span>
    </p>
   </div>
   <div class='ocr_carea' id='block_1_5' title="bbox 692 178 1913 244">
    <p class='ocr_par' dir='ltr' id='par_1_6' title="bbox 692 178 1913 244">
     <span class='ocr_line' id='line_1_9' title="bbox 692 178 1913 244; baseline -0.001 -20"><span class='ocrx_word' id='word_1_13' title='bbox 692 183 785 244; x_wconf 75' lang='lat'>586</span> <span class='ocrx_word' id='word_1_14' title='bbox 1085 180 1813 227; x_wconf 76' lang='lat' dir='ltr'><strong>L113.IV.CAPUT</strong></span> <span class='ocrx_word' id='word_1_15' title='bbox 1874 178 1913 223; x_wconf 83' lang='lat' dir='ltr'>I.</span> 
     </span>
    </p>
   </div>
   <div class='ocr_carea' id='block_1_6' title="bbox 677 255 2383 2582">
    <p class='ocr_par' dir='ltr' id='par_1_7' title="bbox 677 255 2383 1052">
     <span class='ocr_line' id='line_1_10' title="bbox 677 255 2373 321; baseline 0 -18"><span class='ocrx_word' id='word_1_16' title='bbox 677 256 918 304; x_wconf 86' lang='lat' dir='ltr'>universum</span> <span class='ocrx_word' id='word_1_17' title='bbox 942 257 1092 304; x_wconf 85' lang='lat' dir='ltr'>orbem</span> <span class='ocrx_word' id='word_1_18' title='bbox 1114 257 1307 321; x_wconf 71' lang='lat' dir='ltr'>{anguine</span> <span class='ocrx_word' id='word_1_19' title='bbox 1329 258 1403 304; x_wconf 93' lang='lat' dir='ltr'>suo</span> <span class='ocrx_word' id='word_1_20' title='bbox 1426 257 1627 321; x_wconf 82' lang='lat' dir='ltr'>expiavit;</span> <span class='ocrx_word' id='word_1_21' title='bbox 1652 272 1740 302; x_wconf 90' lang='lat' dir='ltr'>non</span> <span class='ocrx_word' id='word_1_22' title='bbox 1754 257 1929 319; x_wconf 89' lang='lat' dir='ltr'>amplius</span> <span class='ocrx_word' id='word_1_23' title='bbox 1939 267 2044 301; x_wconf 87' lang='lat' dir='ltr'>terra</span> <span class='ocrx_word' id='word_1_24' title='bbox 2057 255 2122 301; x_wconf 91' lang='lat' dir='ltr'>illa</span> <span class='ocrx_word' id='word_1_25' title='bbox 2135 257 2311 319; x_wconf 22' lang='lat' dir='ltr'>peculia-&#39;⁷</span> <span class='ocrx_word' id='word_1_26' title='bbox 2368 270 2373 295; x_wconf 76' lang='lat' dir='ltr'>1v</span> 
     </span>
     <span class='ocr_line' id='line_1_11' title="bbox 679 322 2381 388; baseline 0 -18"><span class='ocrx_word' id='word_1_27' title='bbox 679 325 778 370; x_wconf 87' lang='lat' dir='ltr'>riter</span> <span class='ocrx_word' id='word_1_28' title='bbox 790 324 892 370; x_wconf 88' lang='lat' dir='ltr'>sacra</span> <span class='ocrx_word' id='word_1_29' title='bbox 906 322 1111 377; x_wconf 87' lang='lat' dir='ltr'>habenda3</span> <span class='ocrx_word' id='word_1_30' title='bbox 1131 340 1266 387; x_wconf 88' lang='lat' dir='ltr'>neque</span> <span class='ocrx_word' id='word_1_31' title='bbox 1277 326 1384 372; x_wconf 85' lang='lat' dir='ltr'>ultra</span> <span class='ocrx_word' id='word_1_32' title='bbox 1396 341 1466 388; x_wconf 89' lang='lat' dir='ltr'>per</span> <span class='ocrx_word' id='word_1_33' title='bbox 1479 326 1564 371; x_wconf 91' lang='lat' dir='ltr'>Dei</span> <span class='ocrx_word' id='word_1_34' title='bbox 1591 324 1634 369; x_wconf 90' lang='lat' dir='ltr'>in</span> <span class='ocrx_word' id='word_1_35' title='bbox 1647 324 1806 385; x_wconf 86' lang='lat' dir='ltr'>templo</span> <span class='ocrx_word' id='word_1_36' title='bbox 1820 322 2164 370; x_wconf 68' lang='lat' dir='ltr'>inhabitationem</span> <span class='ocrx_word' id='word_1_37' title='bbox 2182 329 2305 385; x_wconf 84' lang='lat' dir='ltr'>(qua.</span> <span class='ocrx_word' id='word_1_38' title='bbox 2334 350 2337 354; x_wconf 95' lang='lat'>·</span> <span class='ocrx_word' id='word_1_39' title='bbox 2372 363 2381 387; x_wconf 64' lang='lat' dir='ltr'>a</span> 
     </span>
     <span class='ocr_line' id='line_1_12' title="bbox 684 388 2383 455; baseline 0.001 -20"><span class='ocrx_word' id='word_1_40' title='bbox 684 388 716 435; x_wconf 88' lang='lat' dir='ltr'>fi</span> <span class='ocrx_word' id='word_1_41' title='bbox 731 390 814 436; x_wconf 88' lang='lat' dir='ltr'>sola</span> <span class='ocrx_word' id='word_1_42' title='bbox 827 393 908 437; x_wconf 90' lang='lat' dir='ltr'>Dei</span> <span class='ocrx_word' id='word_1_43' title='bbox 923 388 1081 455; x_wconf 83' lang='lat' dir='ltr'>hospita</span> <span class='ocrx_word' id='word_1_44' title='bbox 1095 425 1108 445; x_wconf 88' lang='lat'>,</span> <span class='ocrx_word' id='word_1_45' title='bbox 1133 409 1178 438; x_wconf 88' lang='lat' dir='ltr'>ac</span> <span class='ocrx_word' id='word_1_46' title='bbox 1190 392 1285 438; x_wconf 86' lang='lat' dir='ltr'>coeli</span> <span class='ocrx_word' id='word_1_47' title='bbox 1297 389 1491 453; x_wconf 81' lang='lat' dir='ltr'>quaedam</span> <span class='ocrx_word' id='word_1_48' title='bbox 1504 392 1644 452; x_wconf 81' lang='lat' dir='ltr'>imago</span> <span class='ocrx_word' id='word_1_49' title='bbox 1657 389 1764 436; x_wconf 86' lang='lat' dir='ltr'>foret</span> <span class='ocrx_word' id='word_1_50' title='bbox 1777 395 1795 445; x_wconf 94' lang='lat'>)</span> <span class='ocrx_word' id='word_1_51' title='bbox 1828 405 2086 450; x_wconf 85' lang='lat' dir='ltr'>omnemque</span> <span class='ocrx_word' id='word_1_52' title='bbox 2099 404 2227 451; x_wconf 88' lang='lat' dir='ltr'>porro</span> <span class='ocrx_word' id='word_1_53' title='bbox 2240 408 2308 437; x_wconf 87' lang='lat' dir='ltr'>ve..</span> <span class='ocrx_word' id='word_1_54' title='bbox 2379 390 2383 444; x_wconf 68' lang='grc' dir='ltr'>ξ</span> 
     </span>
     <span class='ocr_line' id='line_1_13' title="bbox 685 454 2381 519; baseline 0.001 -16"><span class='ocrx_word' id='word_1_55' title='bbox 685 470 813 503; x_wconf 83' lang='lat' dir='ltr'>terem</span> <span class='ocrx_word' id='word_1_56' title='bbox 827 455 953 502; x_wconf 85' lang='lat' dir='ltr'>istum</span> <span class='ocrx_word' id='word_1_57' title='bbox 967 459 1128 504; x_wconf 91' lang='lat' dir='ltr'>cultum</span> <span class='ocrx_word' id='word_1_58' title='bbox 1143 492 1155 512; x_wconf 88' lang='lat'>,</span> <span class='ocrx_word' id='word_1_59' title='bbox 1180 458 1332 519; x_wconf 88' lang='lat' dir='ltr'>quibus</span> <span class='ocrx_word' id='word_1_60' title='bbox 1342 455 1796 510; x_wconf 75' lang='lat' dir='ltr'>terraillalustrabatur,</span> <span class='ocrx_word' id='word_1_61' title='bbox 1819 454 2106 502; x_wconf 72' lang='lat' dir='ltr'>sanfflficanda</span> <span class='ocrx_word' id='word_1_62' title='bbox 2127 455 2197 502; x_wconf 88' lang='lat' dir='ltr'>est.</span> <span class='ocrx_word' id='word_1_63' title='bbox 2233 456 2316 506; x_wconf 65' lang='lat' dir='ltr'>Sed?</span> <span class='ocrx_word' id='word_1_64' title='bbox 2379 459 2381 489; x_wconf 69' lang='lat'>5</span> 
     </span>
     <span class='ocr_line' id='line_1_14' title="bbox 682 520 2383 587; baseline -0.001 -18"><span class='ocrx_word' id='word_1_65' title='bbox 682 521 891 582; x_wconf 85' lang='lat' dir='ltr'>totusjam</span> <span class='ocrx_word' id='word_1_66' title='bbox 903 537 1104 571; x_wconf 89' lang='lat' dir='ltr'>terrarum</span> <span class='ocrx_word' id='word_1_67' title='bbox 1118 525 1229 571; x_wconf 87' lang='lat' dir='ltr'>orbis</span> <span class='ocrx_word' id='word_1_68' title='bbox 1240 523 1427 572; x_wconf 85' lang='lat' dir='ltr'>Ecclesiae</span> <span class='ocrx_word' id='word_1_69' title='bbox 1441 537 1570 587; x_wconf 79' lang='lat' dir='ltr'>patct;</span> <span class='ocrx_word' id='word_1_70' title='bbox 1589 539 1662 569; x_wconf 89' lang='lat' dir='ltr'>nec</span> <span class='ocrx_word' id='word_1_71' title='bbox 1672 520 1757 580; x_wconf 83' lang='lat' dir='ltr'>jam</span> <span class='ocrx_word' id='word_1_72' title='bbox 1770 537 1918 569; x_wconf 85' lang='lat' dir='ltr'>terram</span> <span class='ocrx_word' id='word_1_73' title='bbox 1932 524 2113 583; x_wconf 85' lang='lat' dir='ltr'>aliquam</span> <span class='ocrx_word' id='word_1_74' title='bbox 2137 525 2310 585; x_wconf 82' lang='lat' dir='ltr'>peculia-</span> <span class='ocrx_word' id='word_1_75' title='bbox 2378 561 2383 586; x_wconf 20' lang='grc' dir='ltr'><strong><em>ἐ</em></strong></span> 
     </span>
     <span class='ocr_line' id='line_1_15' title="bbox 681 588 2309 653; baseline 0.002 -19"><span class='ocrx_word' id='word_1_76' title='bbox 681 589 780 634; x_wconf 88' lang='lat' dir='ltr'>riter</span> <span class='ocrx_word' id='word_1_77' title='bbox 792 591 939 644; x_wconf 86' lang='lat' dir='ltr'>colere,</span> <span class='ocrx_word' id='word_1_78' title='bbox 951 592 1015 636; x_wconf 89' lang='lat' dir='ltr'>vel</span> <span class='ocrx_word' id='word_1_79' title='bbox 1027 589 1228 646; x_wconf 86' lang='lat' dir='ltr'>adamare,</span> <span class='ocrx_word' id='word_1_80' title='bbox 1253 593 1317 637; x_wconf 89' lang='lat' dir='ltr'>vel</span> <span class='ocrx_word' id='word_1_81' title='bbox 1330 591 1475 638; x_wconf 88' lang='lat' dir='ltr'>servire</span> <span class='ocrx_word' id='word_1_82' title='bbox 1486 591 1543 636; x_wconf 93' lang='lat' dir='ltr'>illi</span> <span class='ocrx_word' id='word_1_83' title='bbox 1555 590 1719 653; x_wconf 89' lang='lat' dir='ltr'>cogitur</span> <span class='ocrx_word' id='word_1_84' title='bbox 1735 608 1743 634; x_wconf 92' lang='lat'>:</span> <span class='ocrx_word' id='word_1_85' title='bbox 1760 590 1989 652; x_wconf 81' lang='lat' dir='ltr'>pariterque</span> <span class='ocrx_word' id='word_1_86' title='bbox 2002 588 2166 635; x_wconf 88' lang='lat' dir='ltr'>demtus</span> <span class='ocrx_word' id='word_1_87' title='bbox 2177 588 2235 636; x_wconf 86' lang='lat' dir='ltr'>est</span> <span class='ocrx_word' id='word_1_88' title='bbox 2246 591 2309 645; x_wconf 88' lang='lat' dir='ltr'>ille</span> 
     </span>
     <span class='ocr_line' id='line_1_16' title="bbox 682 652 2315 719; baseline 0.002 -19"><span class='ocrx_word' id='word_1_89' title='bbox 682 652 836 701; x_wconf 89' lang='lat' dir='ltr'>horror</span> <span class='ocrx_word' id='word_1_90' title='bbox 847 657 995 703; x_wconf 89' lang='lat' dir='ltr'>mortis</span> <span class='ocrx_word' id='word_1_91' title='bbox 1008 677 1018 703; x_wconf 91' lang='lat'><strong>:</strong></span> <span class='ocrx_word' id='word_1_92' title='bbox 1045 673 1141 704; x_wconf 88' lang='lat' dir='ltr'>cum</span> <span class='ocrx_word' id='word_1_93' title='bbox 1148 674 1231 719; x_wconf 89' lang='lat' dir='ltr'>que</span> <span class='ocrx_word' id='word_1_94' title='bbox 1243 658 1286 703; x_wconf 90' lang='lat' dir='ltr'>in</span> <span class='ocrx_word' id='word_1_95' title='bbox 1298 671 1402 703; x_wconf 86' lang='lat' dir='ltr'>terra</span> <span class='ocrx_word' id='word_1_96' title='bbox 1414 655 1695 703; x_wconf 77' lang='lat' dir='ltr'>haereditatem</span> <span class='ocrx_word' id='word_1_97' title='bbox 1708 671 1800 700; x_wconf 39' lang='lat' dir='ltr'>non&gt;</span> <span class='ocrx_word' id='word_1_98' title='bbox 1808 653 2042 709; x_wconf 84' lang='lat' dir='ltr'>habeamus,</span> <span class='ocrx_word' id='word_1_99' title='bbox 2068 669 2115 701; x_wconf 91' lang='lat' dir='ltr'>ut</span> <span class='ocrx_word' id='word_1_100' title='bbox 2127 655 2246 711; x_wconf 87' lang='lat' dir='ltr'>olim,</span> <span class='ocrx_word' id='word_1_101' title='bbox 2260 654 2315 704; x_wconf 68' lang='lat' dir='ltr'>ad:</span> 
     </span>
     <span class='ocr_line' id='line_1_17' title="bbox 683 719 2382 784; baseline 0.002 -18"><span class='ocrx_word' id='word_1_102' title='bbox 683 720 845 767; x_wconf 83' lang='lat' dir='ltr'>beatam</span> <span class='ocrx_word' id='word_1_103' title='bbox 870 721 1062 768; x_wconf 69' lang='grc' dir='ltr'><em>οἱνοίλυο-ιν</em></span> <span class='ocrx_word' id='word_1_104' title='bbox 1090 725 1133 768; x_wconf 92' lang='lat' dir='ltr'>in</span> <span class='ocrx_word' id='word_1_105' title='bbox 1156 728 1275 770; x_wconf 88' lang='lat' dir='ltr'>Nov.</span> <span class='ocrx_word' id='word_1_106' title='bbox 1298 722 1415 769; x_wconf 90' lang='lat' dir='ltr'>Test.</span> <span class='ocrx_word' id='word_1_107' title='bbox 1443 721 1580 769; x_wconf 85' lang='lat' dir='ltr'>fideles</span> <span class='ocrx_word' id='word_1_108' title='bbox 1603 735 1802 784; x_wconf 89' lang='lat' dir='ltr'>perpetuo</span> <span class='ocrx_word' id='word_1_109' title='bbox 1827 719 2027 768; x_wconf 80' lang='lat' dir='ltr'>anhelant.</span> <span class='ocrx_word' id='word_1_110' title='bbox 2070 727 2181 782; x_wconf 81' lang='lat' dir='ltr'>Qae</span> <span class='ocrx_word' id='word_1_111' title='bbox 2213 739 2327 778; x_wconf 70' lang='lat' dir='ltr'>cumr¹</span> <span class='ocrx_word' id='word_1_112' title='bbox 2378 744 2382 757; x_wconf 67' lang='lat'><em>¹</em></span> 
     </span>
     <span class='ocr_line' id='line_1_18' title="bbox 685 786 2377 853; baseline 0.002 -22"><span class='ocrx_word' id='word_1_113' title='bbox 685 803 774 832; x_wconf 91' lang='lat' dir='ltr'>non</span> <span class='ocrx_word' id='word_1_114' title='bbox 799 789 1050 851; x_wconf 86' lang='lat' dir='ltr'>perciperent</span> <span class='ocrx_word' id='word_1_115' title='bbox 1067 788 1206 853; x_wconf 81' lang='lat' dir='ltr'>Judaei</span> <span class='ocrx_word' id='word_1_116' title='bbox 1219 827 1232 843; x_wconf 94' lang='lat'><em>,</em></span> <span class='ocrx_word' id='word_1_117' title='bbox 1259 794 1303 836; x_wconf 71' lang='grc' dir='ltr'>δε</span> <span class='ocrx_word' id='word_1_118' title='bbox 1317 787 1759 836; x_wconf 83' lang='lat' dir='ltr'>mundihaereditatem</span> <span class='ocrx_word' id='word_1_119' title='bbox 1773 786 2035 851; x_wconf 86' lang='lat' dir='ltr'>repudiarent</span> <span class='ocrx_word' id='word_1_120' title='bbox 2048 823 2060 842; x_wconf 92' lang='lat'><strong>‚</strong></span> <span class='ocrx_word' id='word_1_121' title='bbox 2095 789 2193 834; x_wconf 89' lang='lat' dir='ltr'>acin</span> <span class='ocrx_word' id='word_1_122' title='bbox 2207 804 2313 837; x_wconf 65' lang='lat' dir='ltr'>terra,</span> <span class='ocrx_word' id='word_1_123' title='bbox 2376 831 2377 834; x_wconf 75' lang='grc'>,</span> 
     </span>
     <span class='ocr_line' id='line_1_19' title="bbox 686 851 2377 919; baseline 0.002 -20"><span class='ocrx_word' id='word_1_124' title='bbox 686 856 755 900; x_wconf 86' lang='lat' dir='ltr'>sua</span> <span class='ocrx_word' id='word_1_125' title='bbox 767 851 933 910; x_wconf 82' lang='lat' dir='ltr'>haerere,</span> <span class='ocrx_word' id='word_1_126' title='bbox 947 856 1146 918; x_wconf 85' lang='lat' dir='ltr'>illamque</span> <span class='ocrx_word' id='word_1_127' title='bbox 1159 857 1288 919; x_wconf 88' lang='lat' dir='ltr'>prisco</span> <span class='ocrx_word' id='word_1_128' title='bbox 1301 857 1415 903; x_wconf 92' lang='lat' dir='ltr'>cultu</span> <span class='ocrx_word' id='word_1_129' title='bbox 1428 856 1628 902; x_wconf 86' lang='lat' dir='ltr'>celebrare</span> <span class='ocrx_word' id='word_1_130' title='bbox 1642 856 1822 909; x_wconf 80' lang='lat' dir='ltr'>mallent,</span> <span class='ocrx_word' id='word_1_131' title='bbox 1838 871 1887 900; x_wconf 86' lang='lat' dir='ltr'>ex</span> <span class='ocrx_word' id='word_1_132' title='bbox 1898 868 2004 901; x_wconf 88' lang='lat' dir='ltr'>terra</span> <span class='ocrx_word' id='word_1_133' title='bbox 2016 854 2132 915; x_wconf 70' lang='lat' dir='ltr'>ejeffi</span> <span class='ocrx_word' id='word_1_134' title='bbox 2144 854 2170 899; x_wconf 93' lang='lat' dir='ltr'><strong>s</strong></span> <span class='ocrx_word' id='word_1_135' title='bbox 2164 869 2250 910; x_wconf 90' lang='lat' dir='ltr'>unt,</span> <span class='ocrx_word' id='word_1_136' title='bbox 2266 856 2313 903; x_wconf 70' lang='grc' dir='ltr'>δὲ·</span> <span class='ocrx_word' id='word_1_137' title='bbox 2375 871 2377 874; x_wconf 57' lang='lat'><em>⁴</em></span> 
     </span>
     <span class='ocr_line' id='line_1_20' title="bbox 685 920 2313 985; baseline 0.002 -18"><span class='ocrx_word' id='word_1_138' title='bbox 685 922 918 984; x_wconf 85' lang='lat' dir='ltr'>templum,</span> <span class='ocrx_word' id='word_1_139' title='bbox 946 920 1067 983; x_wconf 89' lang='lat' dir='ltr'>quod</span> <span class='ocrx_word' id='word_1_140' title='bbox 1092 939 1180 968; x_wconf 90' lang='lat' dir='ltr'>non</span> <span class='ocrx_word' id='word_1_141' title='bbox 1204 924 1378 985; x_wconf 86' lang='lat' dir='ltr'>amplius</span> <span class='ocrx_word' id='word_1_142' title='bbox 1401 922 1557 968; x_wconf 71' lang='lat' dir='ltr'>{acrum</span> <span class='ocrx_word' id='word_1_143' title='bbox 1586 937 1659 967; x_wconf 84' lang='lat' dir='ltr'>nec</span> <span class='ocrx_word' id='word_1_144' title='bbox 1672 923 1756 968; x_wconf 88' lang='lat' dir='ltr'>Dei</span> <span class='ocrx_word' id='word_1_145' title='bbox 1768 920 1921 968; x_wconf 85' lang='lat' dir='ltr'>domus</span> <span class='ocrx_word' id='word_1_146' title='bbox 1935 935 2032 978; x_wconf 87' lang='lat' dir='ltr'>erat,</span> <span class='ocrx_word' id='word_1_147' title='bbox 2044 921 2244 979; x_wconf 87' lang='lat' dir='ltr'>eversum,</span> <span class='ocrx_word' id='word_1_148' title='bbox 2266 927 2313 970; x_wconf 85' lang='lat'>&amp;</span> 
     </span>
     <span class='ocr_line' id='line_1_21' title="bbox 683 988 1675 1052; baseline -0.001 -18"><span class='ocrx_word' id='word_1_149' title='bbox 683 1003 794 1034; x_wconf 80' lang='lat' dir='ltr'>terra</span> <span class='ocrx_word' id='word_1_150' title='bbox 808 988 886 1050; x_wconf 88' lang='lat' dir='ltr'>ipsa</span> <span class='ocrx_word' id='word_1_151' title='bbox 898 990 1158 1035; x_wconf 76' lang='lat' dir='ltr'>anathemate</span> <span class='ocrx_word' id='word_1_152' title='bbox 1167 990 1343 1052; x_wconf 59' lang='lat' dir='ltr'>percussit</span> <span class='ocrx_word' id='word_1_153' title='bbox 1355 988 1447 1035; x_wconf 88' lang='lat' dir='ltr'>fuit.</span> <span class='ocrx_word' id='word_1_154' title='bbox 1472 989 1675 1049; x_wconf 86' lang='lat' dir='ltr'>Mal.4:6.</span> 
     </span>
    </p>

    <p class='ocr_par' dir='ltr' id='par_1_8' title="bbox 687 1052 2381 1250">
     <span class='ocr_line' id='line_1_22' title="bbox 750 1052 2316 1122; baseline 0.003 -23"><span class='ocrx_word' id='word_1_155' title='bbox 750 1057 849 1102; x_wconf 90' lang='lat' dir='ltr'>XV.</span> <span class='ocrx_word' id='word_1_156' title='bbox 874 1056 1069 1116; x_wconf 88' lang='lat' dir='ltr'>Sequitur</span> <span class='ocrx_word' id='word_1_157' title='bbox 1091 1057 1215 1101; x_wconf 89' lang='lat' dir='ltr'>tertio</span> <span class='ocrx_word' id='word_1_158' title='bbox 1240 1065 1344 1122; x_wconf 79' lang='lat' dir='ltr'>origo</span> <span class='ocrx_word' id='word_1_159' title='bbox 1368 1060 1411 1100; x_wconf 76' lang='grc' dir='ltr'>δε</span> <span class='ocrx_word' id='word_1_160' title='bbox 1435 1057 1567 1117; x_wconf 86' lang='lat' dir='ltr'>prima</span> <span class='ocrx_word' id='word_1_161' title='bbox 1580 1053 1809 1101; x_wconf 80' lang='lat' dir='ltr'>testamenti</span> <span class='ocrx_word' id='word_1_162' title='bbox 1821 1052 1944 1114; x_wconf 88' lang='lat' dir='ltr'>hujus</span> <span class='ocrx_word' id='word_1_163' title='bbox 1955 1053 2185 1108; x_wconf 84' lang='lat' dir='ltr'>instituti03</span> <span class='ocrx_word' id='word_1_164' title='bbox 2216 1071 2316 1118; x_wconf 82' lang='lat' dir='ltr'>quae:</span> 
     </span>
     <span class='ocr_line' id='line_1_23' title="bbox 688 1119 2381 1184; baseline 0.003 -19"><span class='ocrx_word' id='word_1_165' title='bbox 688 1136 775 1165; x_wconf 86' lang='lat' dir='ltr'>non</span> <span class='ocrx_word' id='word_1_166' title='bbox 790 1121 841 1167; x_wconf 83' lang='lat' dir='ltr'>ab</span> <span class='ocrx_word' id='word_1_167' title='bbox 853 1122 974 1166; x_wconf 88' lang='lat' dir='ltr'>initio</span> <span class='ocrx_word' id='word_1_168' title='bbox 985 1120 1150 1176; x_wconf 86' lang='lat' dir='ltr'>mundi,</span> <span class='ocrx_word' id='word_1_169' title='bbox 1164 1138 1237 1168; x_wconf 89' lang='lat' dir='ltr'>nec</span> <span class='ocrx_word' id='word_1_170' title='bbox 1249 1139 1354 1169; x_wconf 81' lang='lat' dir='ltr'>mox</span> <span class='ocrx_word' id='word_1_171' title='bbox 1367 1121 1511 1184; x_wconf 68' lang='lat' dir='ltr'>alapsu</span> <span class='ocrx_word' id='word_1_172' title='bbox 1523 1137 1622 1168; x_wconf 89' lang='lat' dir='ltr'>cum</span> <span class='ocrx_word' id='word_1_173' title='bbox 1633 1120 1882 1183; x_wconf 84' lang='lat' dir='ltr'>quibusdam</span> <span class='ocrx_word' id='word_1_174' title='bbox 1895 1119 2131 1175; x_wconf 76' lang='lat' dir='ltr'>arcessenda,</span> <span class='ocrx_word' id='word_1_175' title='bbox 2141 1120 2208 1169; x_wconf 91' lang='lat' dir='ltr'>sed</span> <span class='ocrx_word' id='word_1_176' title='bbox 2219 1124 2310 1170; x_wconf 78' lang='lat' dir='ltr'>lon-</span> <span class='ocrx_word' id='word_1_177' title='bbox 2380 1149 2381 1155; x_wconf 46' lang='lat'>1</span> 
     </span>
     <span class='ocr_line' id='line_1_24' title="bbox 687 1185 1196 1250; baseline 0.006 -18"><span class='ocrx_word' id='word_1_178' title='bbox 687 1203 737 1250; x_wconf 84' lang='lat' dir='ltr'>ge</span> <span class='ocrx_word' id='word_1_179' title='bbox 748 1187 869 1233; x_wconf 79' lang='lat' dir='ltr'>serius</span> <span class='ocrx_word' id='word_1_180' title='bbox 878 1185 1111 1234; x_wconf 85' lang='lat' dir='ltr'>inchoanda</span> <span class='ocrx_word' id='word_1_181' title='bbox 1124 1186 1196 1235; x_wconf 90' lang='lat' dir='ltr'>est.</span> 
     </span>
    </p>

    <p class='ocr_par' dir='ltr' id='par_1_9' title="bbox 683 1251 2381 1966">
     <span class='ocr_line' id='line_1_25' title="bbox 748 1251 2381 1318; baseline 0.004 -19"><span class='ocrx_word' id='word_1_182' title='bbox 748 1255 871 1301; x_wconf 88' lang='lat' dir='ltr'><strong>XVI.</strong></span> <span class='ocrx_word' id='word_1_183' title='bbox 905 1257 964 1300; x_wconf 87' lang='lat' dir='ltr'>Et</span> <span class='ocrx_word' id='word_1_184' title='bbox 985 1251 1085 1300; x_wconf 83' lang='lat' dir='ltr'>duas</span> <span class='ocrx_word' id='word_1_185' title='bbox 1107 1255 1175 1301; x_wconf 86' lang='lat' dir='ltr'>illa</span> <span class='ocrx_word' id='word_1_186' title='bbox 1197 1256 1379 1302; x_wconf 82' lang='lat' dir='ltr'>maxime</span> <span class='ocrx_word' id='word_1_187' title='bbox 1403 1251 1596 1318; x_wconf 83' lang='lat' dir='ltr'>periodos</span> <span class='ocrx_word' id='word_1_188' title='bbox 1618 1251 1777 1302; x_wconf 80' lang='lat' dir='ltr'>habuit.</span> <span class='ocrx_word' id='word_1_189' title='bbox 1822 1256 2098 1316; x_wconf 77' lang='lat' dir='ltr'>thificatum</span> <span class='ocrx_word' id='word_1_190' title='bbox 2119 1256 2230 1303; x_wconf 89' lang='lat' dir='ltr'>enim</span> <span class='ocrx_word' id='word_1_191' title='bbox 2254 1254 2316 1305; x_wconf 82' lang='lat' dir='ltr'>est&#39;·</span> <span class='ocrx_word' id='word_1_192' title='bbox 2377 1280 2381 1297; x_wconf 74' lang='lat'>‚</span> 
     </span>
     <span class='ocr_line' id='line_1_26' title="bbox 683 1314 2379 1388; baseline 0.003 -23"><span class='ocrx_word' id='word_1_193' title='bbox 683 1319 827 1384; x_wconf 71' lang='lat' dir='ltr'>primo</span> <span class='ocrx_word' id='word_1_194' title='bbox 841 1319 1110 1373; x_wconf 73' lang='lat' dir='ltr'>Abrahamo,</span> <span class='ocrx_word' id='word_1_195' title='bbox 1120 1320 1293 1382; x_wconf 90' lang='lat' dir='ltr'>quando</span> <span class='ocrx_word' id='word_1_196' title='bbox 1305 1321 1445 1367; x_wconf 88' lang='lat' dir='ltr'>semini</span> <span class='ocrx_word' id='word_1_197' title='bbox 1459 1319 1542 1380; x_wconf 83' lang='lat' dir='ltr'>ejus</span> <span class='ocrx_word' id='word_1_198' title='bbox 1554 1318 1627 1366; x_wconf 88' lang='lat' dir='ltr'>ista</span> <span class='ocrx_word' id='word_1_199' title='bbox 1638 1334 1741 1367; x_wconf 89' lang='lat' dir='ltr'>terra</span> <span class='ocrx_word' id='word_1_200' title='bbox 1752 1319 1946 1384; x_wconf 88' lang='lat' dir='ltr'>promissa</span> <span class='ocrx_word' id='word_1_201' title='bbox 1958 1321 2031 1377; x_wconf 90' lang='lat' dir='ltr'>est,</span> <span class='ocrx_word' id='word_1_202' title='bbox 2055 1324 2169 1369; x_wconf 88' lang='lat' dir='ltr'>Gen.</span> <span class='ocrx_word' id='word_1_203' title='bbox 2187 1340 2203 1370; x_wconf 93' lang='lat'>1</span> <span class='ocrx_word' id='word_1_204' title='bbox 2214 1340 2251 1370; x_wconf 81' lang='lat'>2:</span> <span class='ocrx_word' id='word_1_205' title='bbox 2266 1341 2314 1388; x_wconf 86' lang='lat'>7.</span> <span class='ocrx_word' id='word_1_206' title='bbox 2378 1314 2379 1321; x_wconf 11' lang='grc' dir='ltr'>ἵ</span> 
     </span>
     <span class='ocr_line' id='line_1_27' title="bbox 688 1386 2375 1454; baseline 0.001 -21"><span class='ocrx_word' id='word_1_207' title='bbox 688 1391 733 1432; x_wconf 59' lang='grc' dir='ltr'>δι’</span> <span class='ocrx_word' id='word_1_208' title='bbox 751 1403 819 1447; x_wconf 84' lang='lat'>15:</span> <span class='ocrx_word' id='word_1_209' title='bbox 833 1407 877 1451; x_wconf 90' lang='lat'>7,</span> <span class='ocrx_word' id='word_1_210' title='bbox 896 1405 911 1434; x_wconf 93' lang='lat'>1</span> <span class='ocrx_word' id='word_1_211' title='bbox 921 1387 997 1436; x_wconf 77' lang='lat'>8-2.</span> <span class='ocrx_word' id='word_1_212' title='bbox 1007 1404 1042 1433; x_wconf 86' lang='grc' dir='ltr'>Ι.</span> <span class='ocrx_word' id='word_1_213' title='bbox 1057 1404 1118 1450; x_wconf 91' lang='lat'>17:</span> <span class='ocrx_word' id='word_1_214' title='bbox 1137 1389 1177 1435; x_wconf 87' lang='lat'>8.</span> <span class='ocrx_word' id='word_1_215' title='bbox 1214 1391 1272 1434; x_wconf 89' lang='lat' dir='ltr'>Et</span> <span class='ocrx_word' id='word_1_216' title='bbox 1284 1389 1386 1434; x_wconf 78' lang='lat' dir='ltr'><em>dabo</em></span> <span class='ocrx_word' id='word_1_217' title='bbox 1399 1387 1471 1434; x_wconf 72' lang='lat' dir='ltr'>tihi</span> <span class='ocrx_word' id='word_1_218' title='bbox 1486 1386 1682 1445; x_wconf 69' lang='lat' dir='ltr'>&amp;semini</span> <span class='ocrx_word' id='word_1_219' title='bbox 1695 1403 1763 1434; x_wconf 78' lang='lat' dir='ltr'>tuo</span> <span class='ocrx_word' id='word_1_220' title='bbox 1778 1403 1932 1435; x_wconf 73' lang='lat' dir='ltr'>terram</span> <span class='ocrx_word' id='word_1_221' title='bbox 1951 1396 2313 1454; x_wconf 71' lang='lat' dir='ltr'>peregrinationum</span> <span class='ocrx_word' id='word_1_222' title='bbox 2372 1419 2375 1434; x_wconf 72' lang='lat'><em>2</em></span> 
     </span>
     <span class='ocr_line' id='line_1_28' title="bbox 690 1452 2313 1518; baseline 0.002 -19"><span class='ocrx_word' id='word_1_223' title='bbox 690 1468 889 1509; x_wconf 73' lang='lat' dir='ltr'>tuarum,</span> <span class='ocrx_word' id='word_1_224' title='bbox 910 1470 1069 1499; x_wconf 87' lang='lat' dir='ltr'>omnem</span> <span class='ocrx_word' id='word_1_225' title='bbox 1091 1469 1245 1500; x_wconf 76' lang='lat' dir='ltr'>terram</span> <span class='ocrx_word' id='word_1_226' title='bbox 1259 1459 1446 1510; x_wconf 76' lang='lat' dir='ltr'>Canaan,</span> <span class='ocrx_word' id='word_1_227' title='bbox 1470 1452 1773 1515; x_wconf 79' lang='lat' dir='ltr'>inpoffiffionem</span> <span class='ocrx_word' id='word_1_228' title='bbox 1787 1454 1936 1513; x_wconf 70' lang='lat' dir='ltr'>ftcnli,</span> <span class='ocrx_word' id='word_1_229' title='bbox 1979 1462 2026 1508; x_wconf 54' lang='grc' dir='ltr'><strong><em>ὠ</em></strong></span> <span class='ocrx_word' id='word_1_230' title='bbox 2040 1456 2146 1518; x_wconf 77' lang='lat' dir='ltr'>fiam</span> <span class='ocrx_word' id='word_1_231' title='bbox 2169 1457 2253 1518; x_wconf 83' lang='lat' dir='ltr'>ipsis</span> <span class='ocrx_word' id='word_1_232' title='bbox 2273 1462 2313 1502; x_wconf 79' lang='lat' dir='ltr'>in</span> 
     </span>
     <span class='ocr_line' id='line_1_29' title="bbox 690 1518 2317 1578; baseline 0.002 -11"><span class='ocrx_word' id='word_1_233' title='bbox 690 1524 847 1567; x_wconf 77' lang='lat' dir='ltr'>Deum.</span> <span class='ocrx_word' id='word_1_234' title='bbox 882 1524 950 1567; x_wconf 92' lang='lat' dir='ltr'>Ac</span> <span class='ocrx_word' id='word_1_235' title='bbox 962 1518 1058 1566; x_wconf 88' lang='lat' dir='ltr'>dein</span> <span class='ocrx_word' id='word_1_236' title='bbox 1069 1523 1245 1568; x_wconf 58' lang='lat' dir='ltr'>erastum</span> <span class='ocrx_word' id='word_1_237' title='bbox 1257 1520 1336 1566; x_wconf 88' lang='lat' dir='ltr'>fuit</span> <span class='ocrx_word' id='word_1_238' title='bbox 1346 1537 1443 1566; x_wconf 90' lang='lat' dir='ltr'>cum</span> <span class='ocrx_word' id='word_1_239' title='bbox 1456 1520 1619 1578; x_wconf 71' lang='lat' dir='ltr'>Ifrae&#39;le,</span> <span class='ocrx_word' id='word_1_240' title='bbox 1643 1518 1694 1566; x_wconf 88' lang='lat' dir='ltr'>ad</span> <span class='ocrx_word' id='word_1_241' title='bbox 1707 1535 1896 1567; x_wconf 88' lang='lat' dir='ltr'>montem</span> <span class='ocrx_word' id='word_1_242' title='bbox 1910 1526 2038 1576; x_wconf 74' lang='lat' dir='ltr'>Sinai,</span> <span class='ocrx_word' id='word_1_243' title='bbox 2062 1537 2160 1569; x_wconf 91' lang='lat' dir='ltr'>cum</span> <span class='ocrx_word' id='word_1_244' title='bbox 2171 1537 2220 1567; x_wconf 86' lang='lat' dir='ltr'>ex</span> <span class='ocrx_word' id='word_1_245' title='bbox 2231 1523 2317 1570; x_wconf 85' lang='lat' dir='ltr'>AE-</span> 
     </span>
     <span class='ocr_line' id='line_1_30' title="bbox 691 1584 2324 1649; baseline 0.001 -16"><span class='ocrx_word' id='word_1_246' title='bbox 691 1600 828 1649; x_wconf 85' lang='lat' dir='ltr'>gypto</span> <span class='ocrx_word' id='word_1_247' title='bbox 840 1586 997 1633; x_wconf 88' lang='lat' dir='ltr'>liberati</span> <span class='ocrx_word' id='word_1_248' title='bbox 1008 1587 1050 1631; x_wconf 92' lang='lat' dir='ltr'>in</span> <span class='ocrx_word' id='word_1_249' title='bbox 1064 1588 1284 1649; x_wconf 71' lang='lat' dir='ltr'>procinCtu</span> <span class='ocrx_word' id='word_1_250' title='bbox 1296 1585 1446 1634; x_wconf 85' lang='lat' dir='ltr'>starent</span> <span class='ocrx_word' id='word_1_251' title='bbox 1458 1584 1508 1632; x_wconf 89' lang='lat' dir='ltr'>ad</span> <span class='ocrx_word' id='word_1_252' title='bbox 1520 1599 1635 1632; x_wconf 82' lang='lat' dir='ltr'>terrae</span> <span class='ocrx_word' id='word_1_253' title='bbox 1648 1585 1760 1633; x_wconf 83' lang='lat' dir='ltr'>istius</span> <span class='ocrx_word' id='word_1_254' title='bbox 1776 1585 2055 1634; x_wconf 80' lang='lat' dir='ltr'>haereditatem</span> <span class='ocrx_word' id='word_1_255' title='bbox 2070 1586 2324 1645; x_wconf 88' lang='lat' dir='ltr'>adeundam,-</span> 
     </span>
     <span class='ocr_line' id='line_1_31' title="bbox 691 1650 2379 1718; baseline 0.001 -20"><span class='ocrx_word' id='word_1_256' title='bbox 691 1654 822 1714; x_wconf 90' lang='lat' dir='ltr'>inque</span> <span class='ocrx_word' id='word_1_257' title='bbox 844 1651 930 1712; x_wconf 84' lang='lat' dir='ltr'>ejus</span> <span class='ocrx_word' id='word_1_258' title='bbox 952 1654 1095 1698; x_wconf 89' lang='lat' dir='ltr'>limine</span> <span class='ocrx_word' id='word_1_259' title='bbox 1115 1652 1201 1712; x_wconf 88' lang='lat' dir='ltr'>jam</span> <span class='ocrx_word' id='word_1_260' title='bbox 1225 1654 1492 1700; x_wconf 87' lang='lat' dir='ltr'>versarentur.</span> <span class='ocrx_word' id='word_1_261' title='bbox 1529 1650 1666 1714; x_wconf 86' lang='lat' dir='ltr'>Qod</span> <span class='ocrx_word' id='word_1_262' title='bbox 1690 1654 1792 1698; x_wconf 89' lang='lat' dir='ltr'>clare</span> <span class='ocrx_word' id='word_1_263' title='bbox 1815 1652 1969 1701; x_wconf 86' lang='lat' dir='ltr'>docent</span> <span class='ocrx_word' id='word_1_264' title='bbox 1982 1655 2104 1701; x_wconf 88' lang='lat' dir='ltr'>verba</span> <span class='ocrx_word' id='word_1_265' title='bbox 2126 1654 2319 1718; x_wconf 80' lang='lat' dir='ltr'>Jeremiae·</span> <span class='ocrx_word' id='word_1_266' title='bbox 2377 1693 2379 1699; x_wconf 89' lang='grc'><em>,</em></span> 
     </span>
     <span class='ocr_line' id='line_1_32' title="bbox 693 1720 2379 1786; baseline 0.002 -22"><span class='ocrx_word' id='word_1_267' title='bbox 693 1735 760 1780; x_wconf 79' lang='lat'>31:</span> <span class='ocrx_word' id='word_1_268' title='bbox 781 1735 844 1781; x_wconf 76' lang='lat'>32.</span> <span class='ocrx_word' id='word_1_269' title='bbox 870 1723 972 1764; x_wconf 83' lang='lat' dir='ltr'>Non</span> <span class='ocrx_word' id='word_1_270' title='bbox 994 1734 1046 1766; x_wconf 78' lang='lat' dir='ltr'>ut</span> <span class='ocrx_word' id='word_1_271' title='bbox 1060 1720 1210 1781; x_wconf 70' lang='lat' dir='ltr'>faedus,</span> <span class='ocrx_word' id='word_1_272' title='bbox 1233 1723 1345 1784; x_wconf 80' lang='lat' dir='ltr'>qnod</span> <span class='ocrx_word' id='word_1_273' title='bbox 1360 1727 1585 1786; x_wconf 72' lang='lat' dir='ltr'>pepigeram</span> <span class='ocrx_word' id='word_1_274' title='bbox 1610 1736 1705 1766; x_wconf 71' lang='lat' dir='ltr'>cnm</span> <span class='ocrx_word' id='word_1_275' title='bbox 1723 1720 1915 1767; x_wconf 72' lang='lat' dir='ltr'>Patribus</span> <span class='ocrx_word' id='word_1_276' title='bbox 1936 1721 2120 1783; x_wconf 74' lang='lat' dir='ltr'>ipfhrnm,</span> <span class='ocrx_word' id='word_1_277' title='bbox 2136 1721 2211 1776; x_wconf 78' lang='lat' dir='ltr'>die,</span> <span class='ocrx_word' id='word_1_278' title='bbox 2238 1737 2321 1785; x_wconf 71' lang='lat' dir='ltr'>qua·v</span> <span class='ocrx_word' id='word_1_279' title='bbox 2378 1749 2379 1762; x_wconf 58' lang='grc' dir='ltr'>ι</span> 
     </span>
     <span class='ocr_line' id='line_1_33' title="bbox 691 1785 2379 1853; baseline 0.003 -23"><span class='ocrx_word' id='word_1_280' title='bbox 691 1786 931 1848; x_wconf 77' lang='lat' dir='ltr'>apprehendi</span> <span class='ocrx_word' id='word_1_281' title='bbox 942 1803 1115 1831; x_wconf 75' lang='lat' dir='ltr'>manum</span> <span class='ocrx_word' id='word_1_282' title='bbox 1128 1802 1336 1839; x_wconf 77' lang='lat' dir='ltr'>eorum,ut</span> <span class='ocrx_word' id='word_1_283' title='bbox 1347 1788 1555 1833; x_wconf 83' lang='lat' dir='ltr'>educerem</span> <span class='ocrx_word' id='word_1_284' title='bbox 1567 1804 1627 1833; x_wconf 88' lang='lat' dir='ltr'>eos</span> <span class='ocrx_word' id='word_1_285' title='bbox 1638 1803 1691 1832; x_wconf 80' lang='lat' dir='ltr'>cx</span> <span class='ocrx_word' id='word_1_286' title='bbox 1704 1788 1899 1853; x_wconf 65' lang='lat' dir='ltr'>esffgypw.</span> <span class='ocrx_word' id='word_1_287' title='bbox 1915 1785 2026 1832; x_wconf 89' lang='lat' dir='ltr'>conf.</span> <span class='ocrx_word' id='word_1_288' title='bbox 2039 1788 2218 1834; x_wconf 87' lang='lat' dir='ltr'>Hebr.8:</span> <span class='ocrx_word' id='word_1_289' title='bbox 2228 1788 2313 1848; x_wconf 86' lang='lat'>8,9‚</span> <span class='ocrx_word' id='word_1_290' title='bbox 2377 1811 2379 1816; x_wconf 59' lang='lat'><strong><em>¹</em></strong></span> 
     </span>
     <span class='ocr_line' id='line_1_34' title="bbox 695 1850 2321 1916; baseline 0.002 -18"><span class='ocrx_word' id='word_1_291' title='bbox 695 1867 757 1898; x_wconf 83' lang='lat'>10.</span> <span class='ocrx_word' id='word_1_292' title='bbox 793 1856 837 1898; x_wconf 70' lang='grc' dir='ltr'>ἃς</span> <span class='ocrx_word' id='word_1_293' title='bbox 860 1850 1087 1916; x_wconf 87' lang='lat' dir='ltr'>Apostoli,</span> <span class='ocrx_word' id='word_1_294' title='bbox 1110 1854 1208 1900; x_wconf 88' lang='lat' dir='ltr'>Gal.</span> <span class='ocrx_word' id='word_1_295' title='bbox 1235 1869 1280 1915; x_wconf 81' lang='lat'>4:</span> <span class='ocrx_word' id='word_1_296' title='bbox 1307 1869 1377 1915; x_wconf 84' lang='lat'>24.</span> <span class='ocrx_word' id='word_1_297' title='bbox 1412 1852 1509 1900; x_wconf 90' lang='lat' dir='ltr'>Ubi</span> <span class='ocrx_word' id='word_1_298' title='bbox 1530 1856 1654 1900; x_wconf 76' lang='lat' dir='ltr'>Vetus</span> <span class='ocrx_word' id='word_1_299' title='bbox 1679 1854 1978 1916; x_wconf 73' lang='lat' dir='ltr'>Testamentnm</span> <span class='ocrx_word' id='word_1_300' title='bbox 2003 1851 2029 1899; x_wconf 64' lang='lat' dir='ltr'>a}</span> <span class='ocrx_word' id='word_1_301' title='bbox 2052 1869 2185 1900; x_wconf 80' lang='lat' dir='ltr'>monte</span> <span class='ocrx_word' id='word_1_302' title='bbox 2208 1859 2321 1903; x_wconf 60' lang='lat' dir='ltr'>Sinai</span> 
     </span>
     <span class='ocr_line' id='line_1_35' title="bbox 693 1915 1748 1966; baseline -0.002 -2"><span class='ocrx_word' id='word_1_303' title='bbox 693 1915 770 1964; x_wconf 79' lang='lat' dir='ltr'>effe</span> <span class='ocrx_word' id='word_1_304' title='bbox 779 1917 893 1966; x_wconf 88' lang='lat' dir='ltr'>dicit.</span> <span class='ocrx_word' id='word_1_305' title='bbox 1739 1956 1748 1962; x_wconf 90' lang='lat'><strong>.</strong></span> 
     </span>
    </p>

    <p class='ocr_par' dir='ltr' id='par_1_10' title="bbox 691 1979 2377 2298">
     <span class='ocr_line' id='line_1_36' title="bbox 758 1979 2323 2051; baseline 0.002 -21"><span class='ocrx_word' id='word_1_306' title='bbox 758 1987 902 2033; x_wconf 88' lang='lat' dir='ltr'><strong>XVII.</strong></span> <span class='ocrx_word' id='word_1_307' title='bbox 936 1979 1118 2032; x_wconf 62' lang='lat' dir='ltr'>Initiati&#39;o</span> <span class='ocrx_word' id='word_1_308' title='bbox 1131 1984 1216 2046; x_wconf 83' lang='lat' dir='ltr'>ejus</span> <span class='ocrx_word' id='word_1_309' title='bbox 1226 1986 1375 2051; x_wconf 86' lang='lat' dir='ltr'>legitur</span> <span class='ocrx_word' id='word_1_310' title='bbox 1387 1984 1527 2034; x_wconf 85' lang='lat' dir='ltr'>Exod.</span> <span class='ocrx_word' id='word_1_311' title='bbox 1542 2003 1611 2048; x_wconf 88' lang='lat'>24:</span> <span class='ocrx_word' id='word_1_312' title='bbox 1621 2003 1655 2032; x_wconf 92' lang='lat'>1.</span> <span class='ocrx_word' id='word_1_313' title='bbox 1673 1989 1715 2032; x_wconf 84' lang='lat'>&amp;</span> <span class='ocrx_word' id='word_1_314' title='bbox 1729 1987 1841 2049; x_wconf 86' lang='lat' dir='ltr'>seqq.</span> <span class='ocrx_word' id='word_1_315' title='bbox 1854 1987 2097 2048; x_wconf 65' lang='lat' dir='ltr'>peraetaque</span> <span class='ocrx_word' id='word_1_316' title='bbox 2108 1985 2167 2033; x_wconf 85' lang='lat' dir='ltr'>est</span> <span class='ocrx_word' id='word_1_317' title='bbox 2180 1986 2323 2033; x_wconf 86' lang='lat' dir='ltr'>oblato·</span> 
     </span>
     <span class='ocr_line' id='line_1_37' title="bbox 691 2051 2377 2117; baseline 0.002 -20"><span class='ocrx_word' id='word_1_318' title='bbox 691 2051 888 2098; x_wconf 85' lang='lat' dir='ltr'>sacrificio</span> <span class='ocrx_word' id='word_1_319' title='bbox 900 2087 913 2108; x_wconf 83' lang='grc'>,</span> <span class='ocrx_word' id='word_1_320' title='bbox 938 2051 1054 2112; x_wconf 82' lang='lat' dir='ltr'>cujus</span> <span class='ocrx_word' id='word_1_321' title='bbox 1065 2052 1258 2115; x_wconf 88' lang='lat' dir='ltr'>sanguine</span> <span class='ocrx_word' id='word_1_322' title='bbox 1280 2067 1373 2100; x_wconf 86' lang='lat' dir='ltr'>tum</span> <span class='ocrx_word' id='word_1_323' title='bbox 1387 2054 1506 2101; x_wconf 85' lang='lat' dir='ltr'>altare</span> <span class='ocrx_word' id='word_1_324' title='bbox 1519 2055 1616 2105; x_wconf 88' lang='lat' dir='ltr'>Dei,</span> <span class='ocrx_word' id='word_1_325' title='bbox 1643 2066 1736 2098; x_wconf 92' lang='lat' dir='ltr'>tum</span> <span class='ocrx_word' id='word_1_326' title='bbox 1752 2053 1929 2117; x_wconf 85' lang='lat' dir='ltr'>populus</span> <span class='ocrx_word' id='word_1_327' title='bbox 1942 2054 2154 2115; x_wconf 85' lang='lat' dir='ltr'>utrimque</span> <span class='ocrx_word' id='word_1_328' title='bbox 2166 2051 2316 2117; x_wconf 79' lang='lat' dir='ltr'>adsper·</span> <span class='ocrx_word' id='word_1_329' title='bbox 2376 2055 2377 2058; x_wconf 65' lang='grc'>’</span> 
     </span>
     <span class='ocr_line' id='line_1_38' title="bbox 694 2116 2320 2183; baseline 0.001 -19"><span class='ocrx_word' id='word_1_330' title='bbox 694 2118 757 2164; x_wconf 83' lang='lat' dir='ltr'>sus</span> <span class='ocrx_word' id='word_1_331' title='bbox 769 2116 861 2166; x_wconf 77' lang='lat' dir='ltr'>fuit.</span> <span class='ocrx_word' id='word_1_332' title='bbox 898 2120 991 2180; x_wconf 81' lang='lat' dir='ltr'>Qi</span> <span class='ocrx_word' id='word_1_333' title='bbox 1005 2120 1227 2183; x_wconf 81' lang='lat' dir='ltr'>appellatur</span> <span class='ocrx_word' id='word_1_334' title='bbox 1234 2120 1400 2183; x_wconf 64' lang='lat' dir='ltr'>⁸sanguis</span> <span class='ocrx_word' id='word_1_335' title='bbox 1413 2120 1653 2179; x_wconf 70' lang='lat' dir='ltr'>testamenti,</span> <span class='ocrx_word' id='word_1_336' title='bbox 1678 2136 1719 2165; x_wconf 92' lang='lat' dir='ltr'>v.</span> <span class='ocrx_word' id='word_1_337' title='bbox 1736 2121 1778 2168; x_wconf 88' lang='lat'>8.</span> <span class='ocrx_word' id='word_1_338' title='bbox 1809 2135 1898 2180; x_wconf 89' lang='lat' dir='ltr'>quo</span> <span class='ocrx_word' id='word_1_339' title='bbox 1910 2118 2201 2166; x_wconf 86' lang='lat' dir='ltr'>testamentum</span> <span class='ocrx_word' id='word_1_340' title='bbox 2214 2119 2320 2183; x_wconf 79' lang='lat' dir='ltr'>prius-</span> 
     </span>
     <span class='ocr_line' id='line_1_39' title="bbox 695 2183 2316 2249; baseline 0.001 -22"><span class='ocrx_word' id='word_1_341' title='bbox 695 2184 965 2243; x_wconf 68' lang='grc' dir='ltr'>ἐγκεκοιῖνιςοα</span> <span class='ocrx_word' id='word_1_342' title='bbox 988 2188 1264 2249; x_wconf 72' lang='lat' dir='ltr'>initiatumcst</span> <span class='ocrx_word' id='word_1_343' title='bbox 1289 2221 1302 2243; x_wconf 89' lang='lat'>‚</span> <span class='ocrx_word' id='word_1_344' title='bbox 1337 2186 1469 2233; x_wconf 89' lang='lat' dir='ltr'>Hebr.</span> <span class='ocrx_word' id='word_1_345' title='bbox 1483 2204 1528 2246; x_wconf 84' lang='lat'>9:</span> <span class='ocrx_word' id='word_1_346' title='bbox 1550 2187 1617 2235; x_wconf 84' lang='lat'>18.</span> <span class='ocrx_word' id='word_1_347' title='bbox 1644 2199 1691 2232; x_wconf 89' lang='lat' dir='ltr'>ut</span> <span class='ocrx_word' id='word_1_348' title='bbox 1716 2183 1910 2247; x_wconf 55' lang='lat' dir='ltr'>Qffifnn</span> <span class='ocrx_word' id='word_1_349' title='bbox 1935 2187 2001 2232; x_wconf 85' lang='lat' dir='ltr'>illa</span> <span class='ocrx_word' id='word_1_350' title='bbox 2023 2199 2117 2232; x_wconf 88' lang='lat' dir='ltr'>tum</span> <span class='ocrx_word' id='word_1_351' title='bbox 2143 2183 2253 2239; x_wconf 73' lang='grc' dir='ltr'>κοανῆ</span> <span class='ocrx_word' id='word_1_352' title='bbox 2275 2187 2316 2229; x_wconf 73' lang='grc' dir='ltr'>δε</span> 
     </span>
     <span class='ocr_line' id='line_1_40' title="bbox 696 2250 980 2298; baseline 0.011 -4"><span class='ocrx_word' id='word_1_353' title='bbox 696 2265 832 2297; x_wconf 79' lang='lat' dir='ltr'>recens</span> <span class='ocrx_word' id='word_1_354' title='bbox 844 2250 980 2298; x_wconf 88' lang='lat' dir='ltr'>fuerit.</span> 
     </span>
    </p>

    <p class='ocr_par' dir='ltr' id='par_1_11' title="bbox 698 2316 2379 2582">
     <span class='ocr_line' id='line_1_41' title="bbox 764 2316 2379 2383; baseline -0.001 -20"><span class='ocrx_word' id='word_1_355' title='bbox 764 2320 930 2365; x_wconf 88' lang='lat' dir='ltr'><strong>XVIII.</strong></span> <span class='ocrx_word' id='word_1_356' title='bbox 971 2320 1126 2380; x_wconf 89' lang='lat' dir='ltr'>thue</span> <span class='ocrx_word' id='word_1_357' title='bbox 1149 2317 1386 2365; x_wconf 86' lang='lat' dir='ltr'>universum</span> <span class='ocrx_word' id='word_1_358' title='bbox 1411 2316 1515 2365; x_wconf 89' lang='lat' dir='ltr'>illud</span> <span class='ocrx_word' id='word_1_359' title='bbox 1539 2317 1698 2366; x_wconf 86' lang='lat' dir='ltr'>testam.</span> <span class='ocrx_word' id='word_1_360' title='bbox 1711 2319 1919 2383; x_wconf 87' lang='lat' dir='ltr'>typicum,</span> <span class='ocrx_word' id='word_1_361' title='bbox 1936 2318 1991 2364; x_wconf 84' lang='lat' dir='ltr'>ita</span> <span class='ocrx_word' id='word_1_362' title='bbox 2002 2319 2140 2382; x_wconf 85' lang='lat' dir='ltr'>typica</span> <span class='ocrx_word' id='word_1_363' title='bbox 2154 2331 2318 2380; x_wconf 77' lang='lat' dir='ltr'>quoque</span> <span class='ocrx_word' id='word_1_364' title='bbox 2372 2330 2379 2362; x_wconf 52' lang='lat'>‘1</span> 
     </span>
     <span class='ocr_line' id='line_1_42' title="bbox 698 2382 2377 2447; baseline -0.002 -16"><span class='ocrx_word' id='word_1_365' title='bbox 698 2383 783 2444; x_wconf 86' lang='lat' dir='ltr'>ejus</span> <span class='ocrx_word' id='word_1_366' title='bbox 795 2382 877 2430; x_wconf 86' lang='lat' dir='ltr'>fuit</span> <span class='ocrx_word' id='word_1_367' title='bbox 887 2385 1088 2436; x_wconf 83' lang='lat' dir='ltr'>initiati03</span> <span class='ocrx_word' id='word_1_368' title='bbox 1113 2398 1207 2431; x_wconf 89' lang='lat' dir='ltr'>tum</span> <span class='ocrx_word' id='word_1_369' title='bbox 1221 2383 1363 2446; x_wconf 88' lang='lat' dir='ltr'>quoad</span> <span class='ocrx_word' id='word_1_370' title='bbox 1378 2383 1664 2437; x_wconf 79' lang='lat' dir='ltr'>mediatorem,</span> <span class='ocrx_word' id='word_1_371' title='bbox 1678 2399 1774 2432; x_wconf 92' lang='lat' dir='ltr'>tum</span> <span class='ocrx_word' id='word_1_372' title='bbox 1788 2383 1929 2446; x_wconf 86' lang='lat' dir='ltr'>quoad</span> <span class='ocrx_word' id='word_1_373' title='bbox 1943 2386 2178 2447; x_wconf 85' lang='lat' dir='ltr'>sanguinem</span> <span class='ocrx_word' id='word_1_374' title='bbox 2194 2419 2206 2439; x_wconf 90' lang='lat'>‚</span> <span class='ocrx_word' id='word_1_375' title='bbox 2231 2398 2316 2431; x_wconf 88' lang='lat' dir='ltr'>tum</span> <span class='ocrx_word' id='word_1_376' title='bbox 2335 2403 2337 2427; x_wconf 89' lang='grc'>;</span> <span class='ocrx_word' id='word_1_377' title='bbox 2376 2390 2377 2410; x_wconf 64' lang='lat'><em>³</em></span> 
     </span>
     <span class='ocr_line' id='line_1_43' title="bbox 698 2448 2379 2514; baseline -0.001 -18"><span class='ocrx_word' id='word_1_378' title='bbox 698 2448 842 2513; x_wconf 81' lang='lat' dir='ltr'>quoad</span> <span class='ocrx_word' id='word_1_379' title='bbox 864 2448 1171 2513; x_wconf 73' lang='lat' dir='ltr'>stipulationem</span> <span class='ocrx_word' id='word_1_380' title='bbox 1194 2450 1292 2510; x_wconf 84' lang='lat' dir='ltr'>ejus.</span> <span class='ocrx_word' id='word_1_381' title='bbox 1331 2450 1467 2514; x_wconf 84' lang='lat' dir='ltr'>Qod</span> <span class='ocrx_word' id='word_1_382' title='bbox 1479 2454 1650 2498; x_wconf 91' lang='lat' dir='ltr'>unicum</span> <span class='ocrx_word' id='word_1_383' title='bbox 1661 2451 1748 2513; x_wconf 84' lang='lat' dir='ltr'>ejus</span> <span class='ocrx_word' id='word_1_384' title='bbox 1760 2452 1781 2497; x_wconf 75' lang='lat' dir='ltr'>a</span> <span class='ocrx_word' id='word_1_385' title='bbox 1794 2455 1912 2498; x_wconf 81' lang='lat' dir='ltr'>Nov.</span> <span class='ocrx_word' id='word_1_386' title='bbox 1925 2453 1982 2497; x_wconf 89' lang='lat' dir='ltr'>T.</span> <span class='ocrx_word' id='word_1_387' title='bbox 1995 2451 2074 2497; x_wconf 87' lang='lat' dir='ltr'>fuit</span> <span class='ocrx_word' id='word_1_388' title='bbox 2085 2449 2315 2500; x_wconf 71' lang='lat' dir='ltr'>discrimem</span> <span class='ocrx_word' id='word_1_389' title='bbox 2373 2465 2379 2494; x_wconf 74' lang='lat' dir='ltr'>z</span> 
     </span>
     <span class='ocr_line' id='line_1_44' title="bbox 698 2514 2318 2582; baseline 0 -20"><span class='ocrx_word' id='word_1_390' title='bbox 698 2533 796 2562; x_wconf 87' lang='lat' dir='ltr'>cum</span> <span class='ocrx_word' id='word_1_391' title='bbox 811 2515 1018 2563; x_wconf 81' lang='lat' dir='ltr'>coelestem</span> <span class='ocrx_word' id='word_1_392' title='bbox 1030 2515 1309 2564; x_wconf 84' lang='lat' dir='ltr'>haereditatem</span> <span class='ocrx_word' id='word_1_393' title='bbox 1320 2517 1495 2564; x_wconf 84' lang='lat' dir='ltr'>terrestri</span> <span class='ocrx_word' id='word_1_394' title='bbox 1509 2520 1681 2582; x_wconf 88' lang='lat' dir='ltr'>pignore</span> <span class='ocrx_word' id='word_1_395' title='bbox 1693 2517 1955 2565; x_wconf 88' lang='lat' dir='ltr'>adumbraret</span> <span class='ocrx_word' id='word_1_396' title='bbox 1969 2552 1980 2572; x_wconf 85' lang='lat'>‚</span> <span class='ocrx_word' id='word_1_397' title='bbox 1995 2531 2118 2579; x_wconf 85' lang='lat' dir='ltr'>atque</span> <span class='ocrx_word' id='word_1_398' title='bbox 2128 2519 2171 2563; x_wconf 89' lang='lat' dir='ltr'>in</span> <span class='ocrx_word' id='word_1_399' title='bbox 2183 2514 2318 2578; x_wconf 80' lang='lat' dir='ltr'>imagi·</span> 
     </span>
    </p>
   </div>
   <div class='ocr_carea' id='block_1_7' title="bbox 688 2580 2365 2715">
    <p class='ocr_par' dir='ltr' id='par_1_12' title="bbox 688 2580 2365 2715">
     <span class='ocr_line' id='line_1_45' title="bbox 697 2580 2365 2649; baseline -0.001 -22"><span class='ocrx_word' id='word_1_400' title='bbox 697 2599 749 2628; x_wconf 85' lang='lat' dir='ltr'>ne</span> <span class='ocrx_word' id='word_1_401' title='bbox 773 2584 839 2628; x_wconf 87' lang='lat' dir='ltr'>illa</span> <span class='ocrx_word' id='word_1_402' title='bbox 863 2584 1005 2629; x_wconf 88' lang='lat' dir='ltr'>omnia</span> <span class='ocrx_word' id='word_1_403' title='bbox 1027 2582 1234 2633; x_wconf 81' lang='lat' dir='ltr'>exhiberet</span> <span class='ocrx_word' id='word_1_404' title='bbox 1256 2602 1301 2633; x_wconf 84' lang='lat' dir='ltr'>ac</span> <span class='ocrx_word' id='word_1_405' title='bbox 1326 2584 1584 2649; x_wconf 82' lang='lat' dir='ltr'>obfignaret‚</span> <span class='ocrx_word' id='word_1_406' title='bbox 1610 2602 1704 2648; x_wconf 83' lang='lat' dir='ltr'>quae</span> <span class='ocrx_word' id='word_1_407' title='bbox 1729 2583 1840 2634; x_wconf 85' lang='lat' dir='ltr'>nuda</span> <span class='ocrx_word' id='word_1_408' title='bbox 1863 2600 1908 2631; x_wconf 88' lang='lat' dir='ltr'>ac</span> <span class='ocrx_word' id='word_1_409' title='bbox 1936 2598 2068 2649; x_wconf 86' lang='lat' dir='ltr'>aperta</span> <span class='ocrx_word' id='word_1_410' title='bbox 2081 2586 2123 2630; x_wconf 91' lang='lat' dir='ltr'>in</span> <span class='ocrx_word' id='word_1_411' title='bbox 2137 2587 2253 2631; x_wconf 92' lang='lat' dir='ltr'>Nov.</span> <span class='ocrx_word' id='word_1_412' title='bbox 2263 2580 2316 2626; x_wconf 91' lang='lat' dir='ltr'>T.</span> <span class='ocrx_word' id='word_1_413' title='bbox 2362 2643 2365 2646; x_wconf 26' lang='grc'><strong>-</strong></span> 
     </span>
     <span class='ocr_line' id='line_1_46' title="bbox 688 2649 1022 2715; baseline 0.006 -20"><span class='ocrx_word' id='word_1_414' title='bbox 688 2649 1022 2715; x_wconf 59' lang='lat' dir='ltr'>«conspiciuntur.</span> 
     </span>
    </p>
   </div>
   <div class='ocr_carea' id='block_1_8' title="bbox 2071 2715 2314 2764">
    <p class='ocr_par' dir='ltr' id='par_1_13' title="bbox 2071 2715 2359 2764">
     <span class='ocr_line' id='line_1_47' title="bbox 2071 2715 2314 2764; baseline -0.01 -1"><span class='ocrx_word' id='word_1_415' title='bbox 2071 2717 2187 2764; x_wconf 60' lang='lat' dir='ltr'>xix</span> <span class='ocrx_word' id='word_1_416' title='bbox 2221 2715 2314 2760; x_wconf 58' lang='lat' dir='ltr'>Me.</span> 
     </span>
    </p>
   </div>
   <div class='ocr_carea' id='block_1_9' title="bbox 2278 2788 2394 3197">
    <p class='ocr_par' dir='ltr' id='par_1_14' title="bbox 2278 2788 2394 3197">
     <span class='ocr_line' id='line_1_48' title="bbox 2278 2788 2394 3197; baseline 0 0"><span class='ocrx_word' id='word_1_417' title='bbox 2278 2788 2394 3197; x_wconf 95' lang='lat' dir='ltr'> </span> 
     </span>
    </p>
   </div>
  </div>
 </body>
</html>
