2419 3132
466 176 930 220 DriLApsu
1014 176 1446 222 Hominis,
1721 193 1807 239 421

149 265 229 310 tate
253 252 473 314 prolapsus,
502 259 545 299 &
558 268 721 300 tantum
738 252 845 299 nefas
858 255 975 299 ausus
984 252 1163 300 videtur.
1201 261 1461 317 Qanquam
1496 256 1546 301 ab
1558 257 1677 303 altera
1689 270 1804 320 parte

147 321 334 383 primum
348 319 370 364 a
385 318 556 366 foemina
573 317 762 382 peccandi
775 322 1013 383 exemplum
1027 318 1174 367 datum
1186 320 1424 382 fucrit‚quae
1439 322 1460 367 a
1474 323 1662 369 Diabolo
1675 322 1798 370 ador-

149 400 255 437 nata,
294 383 414 446 quod
438 387 517 449 ipse
533 400 664 449 aperta
679 385 816 432 fronte
828 384 1060 450 desperabat
1075 421 1088 441 ‚
1113 389 1252 433 virum
1267 403 1441 449 quoque
1454 386 1724 451 pessundedit,
1750 395 1792 437 ἅ·

149 452 336 512 Paradisi
354 455 536 498 colonum
549 453 596 498 de
603 452 898 517 poffl’ffionesua
912 456 1061 499 mulier
1069 455 1229 516 dejecit,
1258 468 1306 501 ut
1316 456 1494 501 Hieron.
1519 457 1630 502 Sicut
1642 459 1755 503 enim
1768 459 1790 504 a

149 520 322 565 muliere
346 533 558 581 peccatum
584 521 750 565 initium
778 519 921 565 sumsit
932 553 944 573 ,
985 521 1039 566 ita
1064 520 1105 564 in
1120 522 1211 566 viro
1227 523 1487 584 completum
1499 520 1559 568 est
1571 537 1582 573 3
1610 538 1682 569 nec
1695 539 1790 570 ante

147 583 252 632 illud
279 599 438 647 tempus
465 585 551 643 ejus
576 587 662 631 vim
678 582 832 632 senfiffe
859 586 938 649 ipsa
953 584 1131 633 videtur.
1169 585 1303 634 Unde
1315 595 1356 632 in
1372 588 1542 637 Adamo
1557 606 1787 654 omnespec·

150 652 245 713 caffi‘
259 649 356 696 dicit
374 651 606 714 Apostolus
620 655 783 711 Rom.5
801 670 834 698 :1
846 670 884 698 2.
900 668 986 697 non
999 653 1042 697 in
1055 656 1161 700 Eva.

190 752 196 757 -
215 721 380 764 XVIII.
420 720 609 780 Disquiri
636 718 703 765 hic
714 720 835 764 etiam
850 719 965 774 solet,
990 720 1096 764 unde
1105 734 1318 783 peccatum
1332 719 1403 767 hoc
1414 727 1576 767 initium
1578 721 1782 782 sitmſsrtt‚
1797 715 1982 779 Θέωξῖηῆφ

148 784 199 830 ab
211 785 440 838 intelleffim,
459 801 509 830 an
524 786 547 830 ῖι
561 787 774 831 voluntate
790 786 804 831 ἒ
848 788 1009 847 quique
1020 788 1105 843 e'Jus
1118 785 1227 833 ordo
1240 785 1361 833 fuerit
1378 788 1393 833 ζ
1418 791 1536 833 Cum
1551 805 1650 835 vero
1665 806 1782 836 men·
1790 768 1992 835 fuam-pn-.

149 853 213 906 tis,
238 868 283 897 ac
293 849 435 910 judicii
448 868 578 905 error,
607 854 682 913 qui
696 853 852 915 primus
868 854 1018 915 peccati
1030 850 1154 912 hujus
1163 851 1314 917 gradus
1326 852 1430 908 fuit,
1454 870 1543 899 non
1567 854 1782 904 adintelle-
1796 834 1993 928 :xxixa

147 918 282 973 Qum,
312 932 359 964 ut
382 919 512 980 vulgo
537 917 602 972 fit,
628 917 694 965 sed
718 915 771 964 ad
795 919 1055 964 voluntatem
1069 917 1300 965 referendus
1314 918 1363 967 {it
1378 939 1386 965 :
1411 918 1592 980 judicare
1603 924 1715 968 enim
1727 923 1786 971 est

146 986 262 1040 velle,
291 985 419 1046 inque
431 1001 482 1030 eo
495 1002 612 1031 error
626 987 908 1032 committitur
921 1019 934 1040 ‚
947 1001 1048 1031 cum
1063 983 1267 1045 judicium
1286 987 1389 1032 ultra
1402 989 1705 1050 perceptionem
1721 992 1784 1036 in-

146 1053 330 1099 tellecftus
341 1053 379 1097 se
390 1051 573 1099 extendit
587 1086 598 1107 ‚
616 1056 657 1097 &
673 1051 756 1098 fine
770 1052 922 1114 praevia
933 1050 1018 1108 ejus
1029 1053 1120 1097 luce
1132 1052 1288 1098 aberrat
1303 1072 1312 1097 :
1328 1067 1439 1116 patet
1452 1051 1502 1099 ad
1516 1055 1781 1103 voluntatem

145 1119 297 1182 peccati
321 1120 444 1182 primi
458 1120 665 1182 originem
678 1117 933 1165 referendam
946 1115 1036 1165 effe.
1077 1121 1209 1164 Error
1224 1120 1336 1164 enim
1350 1117 1430 1173 hic,
1461 1121 1527 1166 vel
1540 1122 1782 1184 quicunque

144 1187 303 1248 primus
330 1187 479 1248 peccati
502 1183 625 1244 hujus
636 1185 785 1248 gradus
798 1220 810 1240 ‚
824 1186 1102 1240 voluntarius,
1129 1199 1253 1247 atque
1265 1185 1288 1231 ὲ
1302 1186 1527 1232 voluntatis
1538 1189 1782 1251 negligentia

144 1266 260 1299 ortus
282 1252 362 1299 fuit
375 1286 388 1306 ,
425 1251 614 1314 adeoque
640 1251 691 1298 ad
707 1253 966 1299 voluntatem
980 1250 1119 1298 referri
1130 1250 1265 1299 debet.
1299 1256 1406 1299 Eam
1419 1254 1531 1299 enim
1544 1252 1780 1302 facultatem

143 1336 190 1365 ac
212 1320 345 1383 legem
360 1321 382 1365 εὶ
396 1322 496 1366 Deo
522 1317 658 1365 homo
682 1333 883 1382 acceperat
895 1353 908 1375 ,
946 1333 993 1364 ut
1016 1334 1103 1364 non
1117 1315 1369 1366 assentiretur
1382 1319 1458 1366 nisi
1471 1320 1589 1366 rebus
1600 1322 1780 1386 riteper.

144 1388 322 1449 cognitis
337 1402 348 1439 ς
383 1386 468 1448 qua
481 1403 579 1432 cum
594 1386 698 1431 male
712 1400 907 1440 uteretur,
921 1386 1146 1432 voluntatis
1155 1385 1234 1432 suae
1246 1387 1364 1449 culpa
1377 1387 1419 1431 in
1432 1403 1613 1434 errorem
1629 1392 1671 1433 &
1684 1404 1778 1452 pec-

143 1467 283 1499 catum
295 1451 455 1499 incidit.
489 1451 703 1518 Judicavit
715 1454 826 1498 enim
842 1454 1032 1499 voluntas
1043 1450 1094 1498 de
1106 1468 1157 1497 eo
1171 1487 1184 1507 ,
1198 1451 1318 1514 quod
1330 1469 1417 1498 non
1430 1453 1518 1499 latis
1534 1469 1773 1517 perceptum

142 1518 273 1566 fuerat
286 1520 337 1566 ab
349 1520 558 1566 intelleClm
571 1536 582 1571 ;
599 1518 696 1565 hinc
707 1523 797 1565 Eva
809 1520 990 1565 nimium
1004 1517 1101 1564 fidei
1114 1519 1242 1565 verbo
1255 1519 1444 1582 serpentis
1454 1520 1599 1567 tribuit
1610 1537 1622 1572 ;
1650 1535 1775 1583 atque

140 1584 236 1632 inde
259 1589 303 1633 in
325 1586 696 1650 concupiscentiam
710 1587 893 1649 prolapsa
905 1584 978 1632 est.
1012 1582 1214 1631 Praeceffit
1227 1599 1365 1632 autern
1377 1585 1461 1632 fine
1474 1585 1605 1633 dubio
1617 1588 1774 1634 incuria

142 1654 242 1700 circa
256 1653 431 1700 verbum
446 1654 556 1707 Dei,
591 1658 633 1699 δε
646 1669 752 1698 non-
758 1654 931 1700 attentio
944 1651 1043 1712 ejus,
1057 1666 1178 1715 tepor
1189 1652 1232 1698 in
1246 1653 1445 1715 precibus,
1470 1653 1654 1700 securitas
1665 1671 1768 1701 con-

142 1722 259 1766 traria
281 1721 426 1766 timori
450 1721 534 1766 Dei
547 1723 627 1766 &c.
651 1736 745 1780 quae
759 1720 985 1765 voluntatis
996 1719 1103 1765 sunt.
1139 1722 1282 1766 Secuta
1294 1733 1432 1765 autem
1445 1719 1538 1767 sunt
1551 1719 1770 1768 addubita-

142 1787 204 1832 tio
214 1784 265 1833 de
278 1785 431 1833 divinae
445 1788 784 1832 comminationis
797 1788 977 1840 veritate,
990 1783 1472 1837 infidelitas‚defe6tionis
1483 1789 1621 1833 omnis
1632 1786 1767 1843 radix,

141 1850 361 1899 divinitatis
384 1850 607 1907 affe&atio‚
623 1857 667 1899 &
679 1851 776 1898 hinc
789 1854 873 1900 nati
897 1865 1067 1912 >mma-‘uzi
1096 1865 1206 1901 mazza
1233 1889 1247 1907 ,
1281 1853 1395 1899 Eccl.
1410 1871 1450 1916 7:
1470 1871 1540 1911 29.
1576 1852 1766 1900 tandem-

140 1935 221 1980 que
233 1936 379 1966 manus
392 1917 442 1965 ad
453 1919 642 1966 fru&um
656 1918 840 1965 extensio
852 1956 865 1971 ‚
905 1920 1177 1984 mysticaeque
1190 1920 1344 1965 arboris
1357 1921 1676 1982 violatio‚inque
1688 1922 1768 1966 illo

137 1984 243 2034 statu
257 1984 488 2050 permansio
500 2021 512 2038 ,
550 1985 687 2047 deque
698 1988 1027 2032 comminatione
1040 1988 1122 2033 Dei
1133 1985 1219 2048 jam
1233 2002 1320 2031 non
1333 1983 1553 2038 dubitati0‚
1580 1985 1645 2033 sed
1659 2003 1762 2032 con-

137 2054 256 2099 traria
279 2051 478 2116 persuasio
500 2055 544 2098 in
557 2056 649 2098 Eva
662 2087 674 2107 ‚
710 2051 815 2099 dum
828 2053 901 2099 sese
914 2067 1127 2100 mortuam
1141 2069 1230 2098 non
1241 2051 1355 2099 videt
1367 2086 1379 2107 ,
1415 2051 1670 2115 tandemque
1683 2055 1761 2100 viri

137 2121 258 2165 etiam
270 2121 311 2165 in
324 2118 504 2179 ejusdem
518 2120 670 2183 peccati
683 2119 939 2165 consortium
953 2119 1278 2179 addufflaQuo
1292 2120 1417 2182 Ρειᾶο
1429 2118 1472 2166 hi
1486 2121 1612 2172 aestus,
1625 2137 1759 2182 quan-

139 2202 266 2248 quam
279 2187 385 2232 inter
395 2185 469 2232 sese
479 2187 712 2232 connexi&
726 2185 1143 2250 complicati,disponi
1155 2203 1242 2231 non
1255 2185 1530 2232 incommode
1545 2183 1725 2250 possunt.

202 2256 319 2299 XIX.
354 2257 502 2314 Atque
525 2250 613 2299 haec
637 2251 696 2298 est
708 2268 856 2314 magna
869 2254 993 2308 illaac-
1003 2251 1183 2317 lugenda
1196 2254 1322 2316 primi
1348 2250 1531 2299 hominis
1543 2255 1564 2298 a
1578 2255 1662 2300 Dei
1675 2253 1755 2299 soe·
1771 2258 1817 2305 ὁ»
1827 2261 1922 2309 cuju-s

136 2317 229 2365 dere
257 2318 433 2365 destffio
451 2353 463 2374 ‚
477 2320 697 2382 principale
707 2321 865 2364 crimen
875 2321 1029 2382 generis
1042 2319 1240 2374 humani,
1276 2336 1320 2364 ac
1332 2318 1517 2365 summus
1528 2319 1659 2366 saeculi
1672 2337 1753 2366 rea-
1767 2320 1892 2365 generis

135 2400 224 2437 tus3
251 2387 292 2431 in
306 2402 395 2447 quo
408 2401 494 2431 non
508 2383 590 2432 hoc
604 2387 666 2431 vel
677 2384 782 2432 illud
794 2386 1033 2448 particulare
1044 2400 1272 2450 peccatum,
1300 2384 1382 2432 live
1393 2387 1519 2449 gulae‚
1532 2385 1612 2432 five
1625 2387 1650 2431 s
1643 2403 1757 2450 uper·
1770 2382 1877 2464 '32⁶3'
1882 2385 1947 2410 “m

133 2452 226 2508 biae,
239 2467 285 2499 ut
299 2451 527 2498 Pontificiis
538 2453 688 2514 placuit
699 2488 712 2504 ,
729 2450 794 2499 sed
806 2454 1002 2498 omnium
1016 2467 1278 2516 peccatorum
1292 2453 1442 2498 semina
1455 2469 1499 2498 ac
1512 2452 1758 2499 confluxum
1773 2439 1835 2520 ᾆξ’
1877 2425 1966 2477 fue·

133 2535 292 2565 cernere
303 2518 376 2565 est.
412 2521 506 2566 Fuit
519 2520 628 2565 enirn
643 2521 684 2564 in
699 2535 750 2564 eo
762 2518 1056 2565 inadvertentia
1068 2519 1198 2565 divini
1211 2521 1414 2583 praecepti,
1428 2519 1624 2572 securitas,
1633 2522 1763 2566 timo·
1821 2506 1839 2527 ²

133 2587 198 2637 ris,
227 2587 413 2632 amicitiae
437 2589 525 2633 Dei
538 2584 733 2640 custodis,
749 2584 946 2637 excuffio,
962 2585 1036 2631 infi
1044 2586 1203 2639 delitas,
1219 2585 1354 2647 deque
1369 2588 1452 2632 Dei
1466 2589 1678 2632 veracitate
1692 2585 1762 2632 ad-

133 2650 353 2708 dubitatio,
377 2653 560 2717 superbia
572 2657 614 2699 &
628 2651 852 2700 divinitatis
863 2650 1075 2699 affecitatio
1089 2687 1101 2719 ³.
1127 2654 1218 2699 Filii
1231 2655 1329 2709 Dei,
1345 2654 1420 2714 qui
1433 2652 1606 2716 mystica
1619 2654 1763 2698 arbore

994 2721 1039 2765 G
1053 2735 1080 2782 g
1092 2735 1120 2782 g
1157 2736 1174 2781 3
1616 2736 1769 2782 reprae-
