2367 3142
549 84 1240 131 DfiDECALooo.
1620 97 1725 145 559¹

43 163 46 165 ’
79 181 173 215 mo:
198 169 350 231 Diliges
367 174 603 231 proximum
618 169 841 230 tuumsicm
855 183 893 215 te
908 187 918 213 ε
933 167 1098 232 egosnm
1112 169 1294 233 Jehova.
1328 168 1574 226 Lev.19:18.
1593 176 1700 233 Qo

25 236 27 239 ’
79 233 406 298 nomineJudaei,
434 249 510 296 pro
520 237 649 296 gentis
660 237 839 297 ingenio,
869 251 912 280 ac
925 233 1048 280 infito
1061 252 1155 297 erga
1167 249 1328 281 exteros
1339 234 1457 289 odio,
1472 236 1605 282 solum
1620 254 1698 299 po-

79 300 228 366 pulares
252 300 343 345 suos
368 302 623 363 intelligunt:
650 314 793 347 contra
806 301 901 363 legis
923 301 1080 346 sensum
1095 335 1106 355 ‚
1132 317 1242 362 quae,
1265 317 1362 347 cum
1376 299 1438 358 jus
1460 303 1641 348 naturale
1653 320 1699 348 ac

0 372 2 445 ᾗ
81 367 231 414 morale
242 364 372 412 tradat
388 401 399 421 ‚
427 368 623 412 omnibus
636 366 876 413 horninibus
888 383 1118 412 commune
1130 400 1140 420 ,
1157 368 1339 429 proximi
1351 369 1522 412 nomine
1535 369 1699 414 univer-

0 455 3 485 ῑ
79 432 163 479 sum
177 448 302 494 genus
314 430 548 478 humanum
564 434 868 496 complectitur.
906 431 1043 492 Qod
1056 432 1308 478 manifestius
1319 449 1369 477 ex
1402 449 1519 478 nono
1532 449 1577 478 ac
1589 432 1700 480 deci-

80 513 148 544 mo
161 511 362 561 praecepto
376 497 558 544 constat:
573 500 639 544 illa
650 501 776 553 enim,
798 515 892 559 quae
905 499 962 543 ibi
975 496 1274 561 prohibentur,
1301 515 1393 559 erga
1409 513 1570 544 exteros
1579 500 1700 546 licere

79 580 201 610 nemo
222 562 342 616 dicet,
367 578 414 610 ut
440 562 559 625 quod
582 563 690 627 apud
716 564 808 610 suos
821 563 928 610 nefas
941 598 954 618 ‚
975 581 1069 627 erga
1082 578 1242 610 exteros
1257 561 1315 610 sas
1331 562 1392 610 fit.
1423 562 1558 613 Unde
1571 563 1698 611 Chri-

79 628 384 693 stus,propos1ta
396 632 552 694 egregia
566 631 770 693 parabola,
785 635 958 678 Lumo.
980 632 1072 691 quis
1085 628 1218 676 homo
1231 628 1397 676 homini
1410 632 1626 693 proximus
1646 630 1696 678 fit

63 694 230 742 docuit.
264 695 340 742 Est
354 699 463 742 enim
480 695 672 758 quaedam
686 712 842 743 naturae
856 695 1005 742 nostrae
1018 698 1214 760 cognatio
1229 731 1241 751 ‚
1277 712 1371 757 quae
1395 695 1447 742 ad
1460 712 1603 742 omnes
1615 695 1694 742 ho-

78 763 203 808 mines
213 762 250 808 ie
262 761 442 810 extendit
455 779 467 814 3
496 779 589 824 quae
608 775 744 809 tamen
756 765 970 827 propiores
981 761 1184 825 quosdam
1209 762 1358 826 gradus
1371 763 1697 825 consanguinita-

10 845 11 851 ’
79 829 358 890 tis,religionis‚
366 845 410 874 ac
423 830 608 876 amicitiae
621 845 708 874 non
723 828 919 875 excludit.

139 897 257 943 XVI.
292 898 408 940 Cum
422 909 558 941 autem
572 911 772 958 magnum
792 896 895 941 inter
906 893 1097 941 homines
1110 893 1324 941 discrimen
1339 893 1389 941 fit
1403 929 1415 950 ‚
1443 911 1562 941 amor
1584 911 1696 958 quo·
1715 909 1776 958 qm·
1786 908 1844 958 est,
1859 909 1914 948 vel

79 977 158 1023 que
170 994 182 1015 ‚
219 962 293 1022 qui
305 963 351 1007 iis
361 959 615 1008 exhibendus
628 961 699 1016 est,
728 960 1037 1007 distinctionem
1049 963 1214 1024 patitur.
1249 963 1371 1007 Alius
1382 962 1494 1007 enim
1506 960 1563 1008 est
1576 978 1695 1008 amor

79 1032 264 1082 amicitiae,
279 1028 378 1074 alius
390 1044 508 1073 amor
521 1027 803 1074 benevolentiae.

137 1096 277 1141 XVII.
314 1098 457 1140 Amor
467 1092 750 1145 benevolentiae,
767 1095 843 1155 qui
856 1092 1040 1140 studium
1054 1090 1336 1155 affeetumque
1346 1111 1440 1156 erga
1452 1095 1694 1156 proximum
1713 1093 1908 1134 benevolm-

77 1157 171 1206 dicit
194 1193 206 1214 ‚
241 1161 361 1222 eique
378 1161 490 1206 bona
512 1161 652 1206 omnia
666 1195 683 1215 ,
703 1174 797 1205 tum
822 1161 1037 1223 spiritualia
1059 1194 1071 1215 ‚
1119 1174 1212 1206 tum
1254 1162 1480 1223 corporalia
1502 1175 1628 1207 vovet
1651 1167 1693 1208 ὃς
1713 1154 1778 1196 ω’

70 1239 263 1289 exoptat,
302 1227 631 1288 quibuscunque,
661 1228 784 1273 etiam
809 1227 961 1289 impiis,
985 1224 1227 1286 tribuendus
1247 1224 1306 1272 est
1329 1245 1340 1272 t
1377 1229 1547 1291 Diltgite
1559 1234 1696 1276 inimi.

74 1308 130 1338 cos
142 1293 298 1352 vestros,
338 1292 550 1340 benedicete
561 1300 615 1338 eis
626 1300 697 1355 qui
711 1294 914 1339 devovent
936 1310 1022 1347 vos,
1047 1291 1262 1353 benefacite
1274 1299 1321 1338 iis
1334 1300 1404 1355 qui
1417 1295 1584 1340 oderunt
1597 1311 1684 1347 vos,

77 1360 152 1403 &c.
186 1356 344 1405 Matth.
363 1376 398 1419 5:
413 1375 487 1420 44.
522 1360 746 1405 Praesertim
771 1359 845 1404 sub
868 1362 928 1404 N.
942 1362 1000 1404 T.
1023 1359 1095 1404 ubi
1119 1393 1132 1413 ‚
1154 1359 1312 1404 sublato
1335 1359 1521 1421 gentium
1547 1357 1685 1405 discri-

2 1426 16 1460 Γ
78 1425 198 1478 mine,
222 1440 361 1488 parem
386 1441 480 1488 erga
505 1441 650 1470 omnes
663 1422 859 1470 affeetum
873 1423 1041 1471 induere
1053 1423 1180 1470 decet.
1220 1429 1270 1469 In
1283 1428 1380 1470 Vet.
1393 1438 1531 1470 autem
1543 1424 1693 1471 Testa-

10 1520 11 1524 =
75 1504 213 1536 mento
226 1525 239 1545 ,
277 1507 518 1552 quanquam
532 1491 583 1536 ab
596 1489 825 1536 haereditate
843 1492 928 1537 Dei
941 1490 1083 1536 seclusa
1095 1490 1287 1553 pleraque
1301 1489 1450 1536 mundi
1463 1503 1588 1553 parte,
1603 1507 1692 1537 non

30 1610 31 1616 ἵ
75 1553 232 1611 odium,
244 1556 311 1602 sed
323 1558 486 1602 luctum
499 1555 608 1602 istud
622 1558 662 1602 in
676 1558 844 1619 piorum
859 1558 1001 1603 animis
1013 1558 1183 1602 excitare
1198 1555 1382 1602 debebat.
1417 1560 1514 1601 Imo
1542 1557 1694 1620 septem

62 1622 159 1673 ,illos
181 1624 356 1686 populos
368 1657 380 1678 ‚
417 1639 523 1684 quos
536 1623 687 1685 speciali
699 1624 784 1686 lege
796 1626 911 1669 Deus
924 1621 1145 1668 devoverat
1175 1629 1284 1683 (quo
1298 1624 1483 1685 primum
1499 1625 1691 1686 exemplo

70 1687 200 1752 Judaei
212 1690 383 1750 reliquas
407 1703 542 1752 gentes
554 1686 681 1735 odiss'e
692 1687 925 1735 didicerunt
937 1693 955 1743 )
984 1705 1071 1734 non
1083 1702 1219 1735 tamen
1232 1703 1323 1736 ante
1334 1689 1517 1735 oblatam
1529 1705 1685 1752 pacem,

78 1769 244 1815 eamque
255 1754 527 1818 repudiatam,
543 1754 772 1800 exscindere
782 1754 840 1800 fas
851 1769 948 1801 erat.

137 1821 299 1869 XVIII.
338 1825 479 1867 Amor
502 1836 638 1867 autern
662 1828 858 1876 amicitiae,
882 1838 978 1867 cum
1006 1836 1193 1884 praeteret
1217 1834 1408 1866 mutuam
1421 1820 1686 1879 conjunctio·
1707 1830 1898 1871 velamc'n'u

77 1901 164 1932 nem
188 1903 230 1933 ac
250 1889 466 1939 unionem,
497 1889 764 1949 proximique
786 1901 986 1949 tanquam
1001 1888 1124 1933 nobis
1142 1888 1332 1950 placentis
1345 1888 1687 1950 approbationem
1706 1888 1770 1924 mv

77 1949 188 2004 dicat,
213 1970 299 1999 non
326 1952 556 2017 promiscue
581 1951 893 2016 impendendus,
927 1952 992 1999 sed
1005 1955 1049 1999 iis
1060 1950 1194 1998 solum
1209 1955 1284 2014 qui
1298 1951 1381 1999 fide
1394 1958 1435 1998 δέ
1450 1954 1531 1999 vita
1544 1953 1687 2010 sancti,

42 2018 43 2022 ’
77 2016 308 2081 Christique
319 2021 525 2083 participes
537 2019 718 2071 sunt‚nec
731 2021 917 2065 amicitiae
930 2019 1090 2066 obicem
1106 2017 1587 2082 opponunt,deferendus
1598 2018 1655 2066 est
1676 2039 1688 2065 τ

44 2111 45 2119 ¹
78 2087 168 2132 «An
181 2103 256 2130 non
269 2088 386 2146 offires
398 2101 484 2131 tuos
497 2119 510 2139 ‚
545 2085 566 2131 ὃ
590 2090 778 2139 Domine,
792 2087 874 2131 odio
888 2083 1024 2140 habeo,
1039 2092 1103 2139 ὠ,
1129 2104 1221 2132 cum
1233 2093 1278 2131 iis
1291 2092 1360 2148 qui
1372 2084 1584 2149 infiaergunt
1596 2103 1688 2131 con-

6 2176 21 2192 ,,
67 2160 137 2195 'tra
149 2165 199 2205 te,
226 2159 369 2199 rixor?
404 2153 580 2213 Perseb'bo
604 2153 687 2198 odio
714 2151 776 2197 odi
799 2151 904 2215 tpsbs.
954 2155 1013 2197 Et
1039 2159 1262 2198 extiterunt
1296 2152 1395 2197 mihi
1418 2151 1554 2211 hostes.
1586 2151 1687 2197 Psal.
1713 2202 1716 2208 ,

15 2238 49 2261 ·.1
81 2231 165 2277 139:
182 2233 248 2272 21,
265 2233 332 2262 22.

25 2333 29 2338 ,
62 2286 65 2289 ’
135 2285 251 2330 XIX.
286 2285 508 2346 Exemplar
520 2284 668 2329 amoris
682 2283 862 2345 proximi
876 2284 898 2328 Ξι
912 2283 1034 2329 nobis
1043 2281 1135 2346 ipss
1144 2280 1443 2329 desumendum
1459 2281 1531 2336 cst,
1559 2297 1607 2329 ut
1619 2281 1678 2329 di-
1698 2293 1838 2332 Amoris
1896 2295 1898 2298 ’

10 2369 27 2404 2·
77 2345 361 2408 ligamuseum‚
372 2353 480 2410 ficut
492 2367 560 2395 nos
571 2348 678 2413 ipsbs.
713 2353 830 2395 Cum
854 2363 991 2395 autem
1017 2351 1087 2394 vix
1111 2346 1297 2411 possibile
1324 2347 1398 2402 fit,
1436 2350 1615 2409 aiiqucm
1629 2351 1682 2395 ita
1695 2350 1846 2394 proximi

10 2466 11 2469 Ἰ
52 2422 54 2428 “
78 2409 231 2477 diligere
255 2428 300 2460 ut
313 2417 472 2461 nosmet
484 2417 610 2477 ipsos;
627 2414 740 2461 istud
753 2431 838 2459 non
853 2414 904 2460 de
916 2416 1095 2477 paritate,
1117 2414 1182 2461 sed
1194 2415 1244 2461 de
1259 2413 1524 2459 similitudine
1537 2416 1683 2460 intelli-
1700 2405 1873 2491 ‘Jemmr

52 2474 56 2521 .’
78 2480 248 2540 gendum
264 2479 335 2527 est.
372 2488 481 2544 Qae
496 2479 726 2533 similitudo
738 2483 778 2526 in
794 2498 844 2525 eo
857 2480 1040 2526 confistit
1061 2499 1095 2527 1.
1112 2495 1158 2526 ut
1172 2497 1433 2540 quaecunque
1448 2482 1553 2525 mala
1566 2482 1684 2527 nobis
1701 2460 1906 2551 iiZsszcYn-m.

54 2532 59 2583 ¹,
77 2541 157 2592 fieri
178 2546 384 2604 nolumus,
421 2564 465 2593 ea
488 2549 691 2610 proximo
710 2563 783 2595 nec
809 2548 908 2593 velle
929 2563 1002 2593 nec
1025 2545 1205 2594 facerem
1220 2548 1406 2592 animum
1432 2545 1656 2594 indicamus
1673 2567 1683 2593 z
1699 2562 1747 2602 ευ
1773 2566 1866 2617 iffi&

58 2619 59 2625 ’
1557 2629 1591 2657 2,
1615 2628 1685 2675 pa-
