2394 3197
630 190 708 222 110
941 179 1117 221 Ere.
1186 178 1613 221 V.CAP1JT
1680 176 1862 222 XIX.

408 258 612 309 nesservaen·
633 259 728 303 catis
750 251 998 302 absolvendi.
1037 256 1150 298 Nam
1170 269 1204 298 1.
1217 252 1298 314 ipse
1308 253 1482 297 Socinus
1494 251 1654 306 fatetur,
1670 251 1889 298 Christum
1901 250 1984 311 jam
1999 269 2087 301 eam
2103 267 2221 318 pote-

409 313 460 351 ’Ἶ-
636 322 781 371 statem
805 323 846 366 in
859 335 962 367 terra
985 316 1166 367 habuiffe
1180 353 1192 372 ,
1218 316 1337 379 quod
1357 335 1408 363 ex
1432 318 1635 379 Scriptura
1658 318 1794 363 saltem
1819 320 1882 363 vel
1894 321 2076 366 maxime
2086 324 2220 383 palam

634 388 706 435 est.
740 391 805 432 Ut
817 388 1054 450 cognoscatis
1066 384 1411 447 quodpotestatem
1426 383 1689 445 habeatfilins
1701 383 1868 430 hominis
1879 392 1919 430 in
1933 400 2056 439 terra,
2076 395 2222 433 remit-

635 455 743 500 tendi
749 468 926 518 peccata.
963 449 1119 497 Mattb.
1135 468 1177 507 9:
1194 459 1236 496 6.
1286 466 1326 495 2.
1349 454 1412 494 Ita
1425 465 1612 510 quoque,
1631 448 1771 507 utjam
1784 448 1966 497 vidimus
1980 485 1994 506 ‚
2021 451 2072 500 ad
2084 451 2220 499 fideles

634 521 792 566 Veteris
805 516 923 563 Test.
938 518 1054 562 nullo
1070 516 1201 561 modo
1216 512 1417 578 speetaffet
1431 514 1505 577 hec
1519 531 1633 560 mors
1648 548 1661 570 ‚
1672 514 1840 576 ejusque
1852 514 2033 569 effeetus,
2050 535 2146 565 cum
2158 532 2218 565 ta-

636 601 732 631 men
746 586 800 629 illi
816 600 885 645 per
898 581 1114 628 Clu-istum
1129 583 1257 627 vitam
1271 594 1463 627 aeternam
1480 580 1613 643 adepti
1627 579 1726 632 fint3
1747 580 1917 642 quando
1933 582 2125 630 Christus
2137 618 2149 638 ‚
2168 601 2219 630 ex

635 652 783 712 placito
798 651 948 701 Socim,
974 648 1166 693 nondum
1181 649 1247 692 illa
1269 645 1467 709 potestate
1479 645 1670 709 praeditus
1684 646 1773 692 fuit.
1815 664 1849 708 3.
1874 649 2220 710 necipseSocinus

633 715 746 762 dabit
759 715 855 767 hoc,
879 713 1098 760 Christum
1112 729 1187 758 nos
1199 710 1408 760 liberaffea
1425 714 1612 758 servitute
1624 714 1789 775 peccati,
1811 711 1875 758 sed
1889 727 2051 760 tanturn
2066 716 2088 760 a
2102 715 2220 760 mist:-

635 784 691 826 ria
704 787 744 827 &
761 783 869 826 malo
881 780 966 831 eius
981 797 992 831 ;
1020 781 1171 841 quippe
1186 782 1260 840 qui
1271 796 1322 825 ne
1336 778 1507 840 quidem
1521 779 1687 825 salutem
1701 778 1826 840 ipsam
1841 779 1960 825 nobis
1971 779 2216 842 praestiterit‚

635 847 702 896 sed
726 849 833 892 viam
859 845 1057 891 duntaxat
1070 845 1358 891 monstraverit
1370 879 1382 898 ,
1408 843 1504 917 quja
1517 858 1678 890 nosmet
1691 843 1795 905 ipsos
1808 843 1880 907 ips1
1894 846 2123 893 liberemus.
2157 852 2220 893 At

633 929 732 957 vero
755 913 937 957 liberavit
962 928 1035 956 nos
1045 909 1233 957 Christus
1246 927 1315 973 per
1327 908 1466 960 λύτρον
1479 944 1492 963 ,
1518 907 1637 970 quod
1650 911 1738 954 sane
1751 926 1836 955 non
1852 909 1971 956 datur
1982 911 2209 964 liberandis,

633 976 700 1023 sed
714 980 794 1031 illi,
824 980 844 1022 δι
857 994 946 1038 quo
961 979 1051 1022 sunt
1064 976 1260 1022 liberandi
1273 1010 1285 1030 ‚
1312 990 1358 1022 ut
1371 991 1440 1037 per
1453 973 1575 1036 hujus
1588 977 1788 1026 valorem,
1817 976 2041 1022 libertatem
2057 982 2100 1023 &
2117 979 2219 1023 salu-

633 1057 717 1089 tem
731 1060 879 1089 eorum
895 1046 1083 1104 impetret
1098 1061 1106 1087 :
1122 1045 1196 1102 qui
1208 1059 1324 1088 verus
1335 1041 1392 1088 est
1405 1047 1446 1086 ἃ
1459 1040 1607 1104 dignus
1621 1042 1765 1087 mortis
1777 1039 1934 1087 Christi
1946 1040 2219 1099 effeetusmon
2269 1087 2274 1107 .-

637 1110 792 1170 ii‚quos
805 1122 1066 1154 commentus
1076 1107 1132 1153 est
1145 1110 1329 1154 Socinus.
1365 1111 1502 1154 Rom.
1521 1122 1552 1167 3:
1573 1122 1644 1166 24.

419 1184 490 1211 ¹1¹-
505 1176 615 1235 ΑΜ·
703 1179 864 1221 XLIII.
899 1173 1108 1222 Rudiores
1118 1172 1222 1219 hisce
1232 1176 1274 1219 in
1287 1174 1404 1219 rebus
1417 1174 1521 1223 sunt,
1529 1186 1568 1218 at
1581 1173 1680 1235 saepe
1693 1187 1779 1217 non
1794 1174 1980 1220 meliores
1991 1178 2028 1220 Α
2037 1176 2220 1238 nabapti-

418 1229 579 1278 ‘'ap''sta‘
640 1239 709 1287 stae
722 1257 732 1292 3
748 1244 822 1302 qui
842 1259 873 1286 1.
888 1254 1036 1302 negant
1048 1238 1265 1286 Christum
1279 1241 1321 1284 in
1335 1241 1468 1284 anima
1481 1238 1547 1283 sua
1559 1239 1662 1284 iram
1678 1240 1759 1284 Dei
1770 1236 2068 1301 percepiffe‚aut
2080 1257 2222 1303 poenas

417 1292 508 1323 rum.
639 1306 848 1352 infernales
860 1303 1010 1352 semisse
1036 1326 1045 1351 :
1073 1323 1156 1366 qua
1170 1307 1313 1352 scilicet
1325 1307 1530 1367 Scriptura
1542 1303 1720 1350 totidem
1732 1306 1864 1350 verbis
1873 1303 1976 1350 illud
1992 1323 2078 1351 non
2091 1305 2188 1353 dicit
2205 1327 2216 1353 ε

639 1372 755 1434 quali
780 1374 844 1419 vel
868 1389 1015 1435 corpus
1029 1371 1112 1418 fine
1135 1374 1270 1418 anima
1278 1369 1425 1417 dolore
1437 1367 1542 1416 affici
1555 1368 1693 1433 potiit,
1717 1385 1789 1416 nec
1801 1368 1965 1416 dolores
1977 1373 2122 1417 animae
2134 1372 2219 1431 ejus

639 1453 936 1484 memorentur.
981 1456 1019 1484 2.
1048 1436 1267 1484 Christum
1291 1438 1413 1483 etiam
1438 1436 1574 1482 striete
1586 1434 1818 1497 loquendo,
1843 1452 1919 1498 pro
1932 1438 2051 1483 nobis
2063 1454 2148 1483 non
2164 1441 2221 1484 sa-

637 1501 838 1556 tisfecisse,
864 1503 933 1550 sed
945 1518 1108 1551 tanturn
1131 1504 1369 1567 exemplum
1383 1499 1615 1565 praebuisse:
1642 1503 1789 1564 scripto
1802 1501 1988 1550 videlicet
2010 1502 2223 1567 configna-

641 1584 735 1616 turn
757 1569 814 1616 est
828 1604 841 1624 ‚
865 1587 999 1615 unum
1023 1587 1100 1634 pro
1125 1572 1251 1617 altero
1275 1585 1363 1615 non
1388 1570 1658 1615 moriturum.
1693 1565 1846 1614 Ezech.
1865 1570 1930 1615 18.
1958 1585 2100 1615 verum
2115 1569 2222 1617 hisce

644 1635 729 1693 jam
747 1637 862 1698 supra
874 1639 1141 1682 occurrimus.

424 1711 623 1744 nattemon·
709 1705 870 1750 XLIV.
907 1706 1055 1749 Errant
1069 1704 1213 1765 pariter
1225 1702 1580 1750 Remonstrantes.
1618 1719 1653 1748 1.
1667 1705 1788 1749 Dum
1801 1700 1971 1762 quidam
1982 1718 2129 1748 eorum
2145 1700 2222 1748 sta-

422 1762 623 1799 arantium.
643 1781 768 1815 tuunt
781 1767 997 1813 Christum
1010 1784 1096 1812 non
1111 1765 1333 1814 sustinuisse
1346 1768 1490 1815 nostro
1503 1769 1598 1813 loco
1611 1784 1751 1830 poenas
1765 1767 2016 1830 gehennales,
2029 1767 2095 1814 sed
2108 1785 2223 1814 mor-

642 1849 728 1881 tem
753 1832 953 1880 duntaxat
976 1836 1267 1896 temporariam
1288 1851 1300 1886 ;
1326 1850 1502 1896 eamque
1528 1835 1645 1896 plene
1667 1833 1941 1881 satisfaffionis
1965 1836 2051 1880 vice
2075 1835 2097 1878 ὲ
2123 1838 2221 1880 Deo

646 1897 761 1946 fuisse
785 1898 966 1947 habitam
990 1904 1032 1944 δέ
1055 1916 1273 1963 acceptam.
1309 1903 1377 1947 De
1404 1901 1556 1961 quibus
1567 1947 1569 1949 ,
1576 1898 1660 1958 jam
1674 1901 1827 1945 astum.
1867 1917 1905 1945 2.
1934 1898 2038 1945 dum
2052 1914 2221 1946 conten-

647 1964 768 2017 dunt,
794 1964 890 2010 huic
903 1966 1034 2010 solum
1050 1963 1125 2011 fini
1141 1964 1359 2012 Christum
1374 1979 1608 2018 mortuum,
1633 1979 1681 2011 ut
1694 1967 1801 2011 Patri
1814 1967 2036 2026 acquireret
2055 1964 2119 2023 jus
2144 1982 2221 2010 no-

648 2030 804 2075 hiscum
820 2029 1117 2092 redintegrandi
1130 2030 1281 2086 foedus,
1304 2036 1345 2077 &
1357 2030 1408 2076 de
1420 2029 1650 2077 remiffione
1663 2045 1921 2093 peccatorum
1936 2029 2215 2083 contrahendi,

650 2112 898 2157 quacunque
920 2098 1037 2142 vellet
1058 2096 1311 2144 conditione.
1346 2096 1425 2144 Sed
1459 2115 1495 2144 1.
1518 2113 1606 2142 non
1630 2099 1736 2143 Patri
1760 2099 1986 2157 quicquam
2010 2095 2224 2156 acquisivit

649 2160 863 2213 Christus,
885 2164 951 2207 cui
964 2164 1106 2207 omnia
1128 2164 1418 2224 competebant
1441 2180 1452 2215 3
1482 2178 1521 2210 at
1533 2163 1730 2218 nobis‚&
1745 2161 1915 2223 quidem
1928 2164 2224 2208 reconciliatio·

650 2243 746 2272 nem
761 2229 958 2272 aetualem
975 2261 986 2280 ,
1014 2243 1157 2290 utpote
1169 2230 1318 2289 quibus
1329 2231 1471 2275 omnia
1482 2228 1661 2275 deerant.
1696 2247 1734 2275 2.
1759 2227 1893 2275 Pofita
1908 2241 2041 2273 morte
2053 2227 2223 2282 Christi,

651 2308 762 2337 nova
774 2293 961 2340 conditio
974 2292 1137 2349 justitiae
1151 2296 1242 2341 iniri
1254 2311 1340 2339 non
1353 2307 1524 2356 poterat3
1539 2293 1615 2339 nifi
1628 2293 1714 2340 haec
1725 2295 1916 2355 sola,quae
1931 2311 2041 2340 nunc
2056 2308 2137 2340 rata
2150 2293 2222 2348 est,

653 2362 695 2403 &
709 2357 952 2403 testamento
966 2356 1121 2406 christi
1133 2360 1252 2406 unice
1265 2361 1478 2412 innititur3
1505 2377 1639 2421 neque
1649 2363 1759 2406 enim
1773 2377 1887 2405 novo
1902 2363 2022 2422 paeto
2035 2362 2148 2422 legali
2162 2361 2225 2404 ul-

652 2425 712 2468 lus
734 2424 846 2469 lotus
859 2423 1028 2470 concedi
1052 2439 1222 2486 poterat.
1261 2443 1295 2487 3.
1318 2443 1407 2473 non
1418 2429 1472 2474 ita
1484 2426 1603 2471 nobis
1614 2427 1826 2488 impetrata
1850 2425 1983 2473 fuisset
1995 2426 2226 2471 reconcilia-

651 2490 713 2534 tio
728 2522 739 2540 ,
765 2488 829 2535 sed
842 2503 1004 2536 tantum
1015 2506 1124 2536 nova
1136 2489 1322 2537 conditio
1335 2497 1378 2538 ἅτ
1389 2494 1542 2539 modus
1562 2491 1808 2539 constitutus
1820 2527 1833 2545 ,
1867 2509 1956 2552 quo
1981 2492 2228 2538 reconciliari

654 2552 859 2615 possemus
872 2587 883 2607 ,
908 2553 1012 2601 dum
1027 2555 1158 2603 modo
1181 2558 1299 2604 nobis
1310 2557 1383 2622 ipsi
1408 2576 1459 2606 ne
1471 2558 1660 2607 defimus.
1697 2576 1741 2620 4.
1767 2576 1839 2605 nec
1860 2555 1953 2604 esset
1965 2557 2061 2603 inde
2072 2592 2083 2611 ‚
2101 2574 2228 2619 quare

656 2621 783 2682 magis
798 2619 968 2667 Christo
982 2621 1084 2669 lllUd
1097 2625 1411 2687 imputaremus,
1425 2643 1554 2690 quam
1567 2626 1686 2673 nobis
1697 2625 1790 2690 ipfis
1801 2660 1814 2678 ,
1832 2628 1982 2690 quippe
1997 2626 2070 2687 qui
2083 2620 2228 2669 condi-
2331 2656 2333 2658 .
2359 2605 2362 2659 l

2149 2702 2228 2733 tio-

1441 2942 2394 3197 *dul
