2419 3132
4 2416 6 2429 ι
77 2384 262 2438 exilium,
279 2382 555 2447 expulfiotubi
569 2384 710 2446 longas
721 2384 823 2429 inter
837 2384 1082 2430 calamitates
1094 2380 1199 2427 dum
1214 2382 1342 2426 vitam
1357 2378 1707 2435 traheret,tristem

0 2487 7 2511 ,Ἰ
76 2450 196 2496 suum
226 2466 270 2496 ac
283 2449 458 2497 universi
472 2451 625 2514 generis
636 2450 694 2494 sui
707 2449 844 2495 casum
857 2448 1066 2512 deplorare
1079 2464 1122 2494 ac
1136 2449 1323 2511 plangere
1335 2481 1346 2497 ,
1380 2464 1424 2493 ac
1439 2449 1521 2492 Dei
1533 2451 1706 2511 gratiam

0 2512 5 2559 Ξ
76 2517 117 2562 in
131 2514 348 2580 promissio
362 2517 511 2563 semine
523 2514 822 2579 apprehendere
835 2516 968 2562 solum
982 2532 1090 2561 curae
1105 2512 1250 2559 habere
1264 2512 1420 2559 debuit.
1460 2515 1710 2577 Qoipsum

281 180 356 226 DE
391 179 684 226 limem-mus
717 190 922 223 PECCA’FI
967 192 1023 223 ΙΝ
1058 190 1209 224 PRJMo
1245 192 1456 224 HOMINE.
1628 193 1712 240 439

143 256 260 303 XXI.
298 264 409 323 Qae
434 259 516 305 Dei
540 257 731 303 sententia
755 269 833 302 tres
855 254 977 302 habet
1000 269 1144 318 partes.
1183 258 1327 302 Primo
1350 257 1461 304 enim
1485 255 1713 319 superbiam
1732 262 1813 318 §2113
1825 268 1896 309 sen·

2 342 6 347 ·
78 320 155 368 illis
176 324 413 386 exprobrat,
439 340 526 370 non
542 322 625 369 sine
638 322 783 369 acerbo
796 322 911 368 irrisu
925 357 938 374 ‚
965 325 1007 367 ὃ(
1033 324 1251 382 omma—ms,
1278 327 1380 369 Ecce
1393 323 1507 369 homo
1507 324 1649 383 fastus
1661 323 1712 384 est
1727 321 1836 361 antid

1735 389 1748 413 1
1759 375 1907 425 ,superbi
1914 395 1924 405 ·

1731 446 1787 470 am
1799 433 1848 469 illi

1727 485 1902 540 exprobat»

66 389 177 448 ficut
203 408 310 436 unus
323 408 373 436 ex
384 390 492 436 nobis
508 390 516 436 !
546 407 640 451 quae
654 387 760 449 justa
772 389 1012 452 arrogantiae
1040 386 1222 434 hominis
1234 405 1358 452 poena
1372 388 1443 441 est,
1471 388 1586 446 cujus
1600 391 1712 435 vani-

79 468 205 501 tatem
219 458 273 503 ita
285 456 476 519 prostitui
488 455 668 503 decebat.
704 457 817 502 Sicut
829 459 884 507 &,
913 468 1058 517 praeter
1069 455 1276 517 superbos,
1291 453 1526 502 idololatras
1538 471 1714 518 quoque

82 521 123 566 in
150 523 262 568 sacris
285 525 368 570 Dei
392 524 520 570 veluti
545 521 750 569 illudentis
764 539 809 568 ac
822 520 1071 584 indignantis
1085 521 1164 567 risu
1177 523 1306 584 excipi
1330 523 1516 585 legimus.
1558 526 1636 577 Ite,
1664 529 1713 577 ὠ

82 591 301 635 inclamate
314 595 420 636 Deos
431 607 526 652 quos
538 589 697 653 elegistis
711 623 722 644 ,
737 589 791 634 illi
794 588 962 647 salvent
975 605 1045 633 vos
1059 603 1230 651 tempore
1242 589 1423 650 angustiae
1435 589 1581 650 vestrae.
1604 587 1710 653 Jud.

89 671 157 702 10:
178 672 242 716 14.
266 659 326 702 Et
337 655 510 702 ubisunt
523 660 678 701 Deitus'
693 689 704 709 ,
730 653 1078 719 quosfhczstitibz'?
1092 655 1284 717 surgant,
1295 654 1717 715 stsuntse'rvatunte

85 736 255 785 tempore
267 725 368 768 mali
384 729 478 769 tui?
494 722 580 787 Jer.
596 739 635 768 2:
654 723 722 769 28.
769 726 886 766 Stent
902 754 913 773 ‚
925 738 1012 785 age,
1030 720 1296 780 &strventse
1308 721 1490 788 astrologi
1503 755 1516 777 ,
1536 728 1609 785 qui
1621 740 1714 767 con-

81 791 333 852 templantur
343 789 483 849 stellas
506 793 585 834 &c.
610 789 861 850 Esai.47:13.
887 791 944 832 Et
956 789 1073 845 illusit
1084 804 1144 832 eos
1157 788 1340 841 Ellam&
1353 787 1472 841 dixit,
1497 790 1714 848 vocift’rate

83 871 177 900 voce
190 872 341 919 magna
353 855 680 919 quandoquidem
693 860 807 901 Dens
818 854 871 914 est
885 888 897 908 ,
921 872 1020 898 nam
1033 855 1269 916 colloquium
1282 852 1405 899 habet
1418 888 1429 908 ,
1442 870 1519 900 emt
1528 888 1541 910 ,
1558 861 1656 917 quia
1669 861 1711 899 in

72 919 215 982 ficeffu
228 923 295 982 est,
310 937 400 976 aut,
413 928 510 984 quia
523 930 593 967 vta
606 923 676 984 ipst
685 937 696 974 3
713 921 871 982 fortaffe
882 921 1030 965 dormtt
1044 953 1056 974 ,
1070 926 1118 972 &⁹
1130 918 1350 983 evigtlabit.
1396 938 1431 966 1·
1449 923 1558 983 Reg.
1569 938 1584 966 1
1595 921 1712 982 8:27.

86 993 197 1048 Qae
223 987 312 1033 duo
337 1001 601 1050 peccatorum
623 1004 769 1050 genera
781 987 888 1040 sunt,
918 1002 1000 1046 que
1013 989 1111 1032 Deo
1124 984 1175 1031 de
1189 986 1298 1031 coelo
1315 986 1588 1049 prospeftanti
1610 1023 1622 1039 ,
1668 991 1712 1032 δε

85 1053 290 1100 mirabiles
312 1052 538 1100 hominum
562 1055 768 1100 tumultus
792 1053 967 1098 intuenti
992 1053 1181 1114 peculiari
1195 1052 1261 1097 sua
1273 1055 1451 1099 vanitate
1463 1054 1589 1100 veluti
1601 1052 1713 1100 ludi-

83 1119 222 1165 brium
247 1119 410 1168 debent.
447 1127 706 1184 Qanquam
730 1118 797 1166 hic
820 1121 900 1182 ipse
931 1120 1029 1164 risus
1041 1135 1128 1164 non
1140 1117 1225 1164 fine
1238 1117 1714 1182 stomacho&indigna-

83 1186 197 1233 tione
222 1185 282 1233 fit.
314 1188 458 1233 Sedens
481 1195 640 1232 enimin
654 1190 756 1233 coelis
767 1187 887 1240 ridet,
912 1191 959 1239 (ῥ’
984 1189 1190 1232 Dominus
1201 1184 1428 1243 fitbsannat
1449 1186 1560 1246 ipsos.
1596 1190 1712 1234 Tunc

84 1255 270 1315 loquetur
281 1254 339 1299 ad
347 1255 432 1300 illos
443 1260 484 1298 in
496 1253 643 1312 ἱνα-[ΞΜ
658 1287 671 1308 ,
696 1260 744 1307 &⁹
758 1260 799 1297 in
812 1252 899 1313 aestu
910 1250 986 1310 sito
992 1254 1179 1315 percellet
1190 1254 1283 1298 illos.
1324 1252 1450 1297 Psal.2
1461 1269 1517 1313 24,
1528 1267 1563 1312 5.
1592 1256 1709 1299 Cum

82 1332 220 1365 autem
232 1318 360 1375 addit,
384 1335 433 1366 ut
444 1338 550 1366 unus
561 1320 754 1380 nostrum,
767 1335 991 1364 numerum
1007 1319 1220 1381 pluralem,
1235 1334 1321 1363 non
1336 1315 1508 1364 honoris
1520 1318 1646 1374 causa,
1663 1332 1710 1367 ut

81 1387 293 1432 nonnullis
315 1384 504 1442 videtur,
529 1385 595 1432 sed
616 1386 881 1450 personarum
894 1387 937 1430 in
961 1383 1103 1431 divina
1115 1381 1275 1431 essentia
1286 1386 1458 1432 trinitati
1471 1383 1706 1449 significan-

80 1450 144 1498 dae
156 1450 334 1499 adhibet.

146 1520 287 1565 XXII.
323 1521 437 1566 Dein
459 1520 629 1565 exilium
654 1517 887 1570 denunciat,
919 1537 968 1564 ne
985 1517 1095 1578 forte
1107 1515 1224 1562 homo
1235 1524 1377 1563 mittat
1389 1535 1562 1563 manum
1563 1517 1702 1576 snam,
1732 1522 1924 1563 azxilium

80 1584 206 1648 deque
228 1585 368 1632 arbore
391 1594 482 1631 vitae
493 1586 652 1644 stamas,
681 1592 730 1639 &
755 1587 947 1636 comedat,
986 1590 1169 1637 &vivat
1181 1591 1222 1628 in
1225 1583 1433 1641 saeculum,
1449 1602 1487 1630 v.
1510 1601 1578 1630 22.
1594 1591 1704 1650 Qlae
1725 1581 1924 1622 denuncia't

81 1653 207 1698 verba
231 1668 322 1698 non
347 1654 511 1716 proprie
533 1650 786 1715 accipienda,
823 1651 888 1698 sed
912 1662 1129 1711 μιμητικῶς
1157 1649 1335 1711 suntque
1349 1648 1705 1713 praecedentisiro-

80 1720 158 1763 niae
183 1721 456 1765 continuatio.
491 1722 582 1764 Nec
604 1720 660 1764 rei
682 1717 804 1780 ipsius
826 1719 1043 1781 respiciunt
1065 1729 1261 1762 eventum
1304 1715 1569 1771 (sacramenta
1591 1719 1706 1765 enim

78 1786 358 1847 peccatoribus
381 1790 424 1831 &
447 1783 613 1831 foederis
636 1783 905 1831 desertoribus
928 1783 1031 1830 nihil
1053 1781 1272 1846 obsignare
1296 1784 1469 1846 amplius
1490 1780 1658 1846 possunt
1681 1789 1702 1840 )
1749 1807 1754 1812 ·

78 1850 144 1896 sed
168 1850 336 1900 stultam
361 1849 544 1899 hominis
568 1852 863 1914 cogitationem
878 1885 891 1906 ,
927 1868 1010 1913 qua
1033 1847 1309 1912 imposterum
1324 1847 1397 1894 fibi
1411 1850 1637 1912 imponere,
1662 1855 1707 1897 &

79 1933 130 1962 ex
153 1916 310 1981 gustata
321 1919 388 1964 illa
401 1918 544 1964 arbore
556 1952 568 1971 ‚
597 1919 709 1963 velut
721 1934 843 1980 opere
855 1932 1040 1981 operatO,
1067 1917 1134 1962 vel
1145 1917 1425 1976 qualicunque
1434 1914 1591 1974 justitia
1603 1933 1708 1979 prae-

0 1976 9 2003 *¹
79 1982 185 2040 stita,
208 1986 337 2031 vitam
362 1983 437 2030 s1bi
461 1985 641 2048 pol-liceri
664 1980 870 2047 potuisset.
904 1987 961 2030 Et
985 1982 1150 2028 nolebat
1175 1985 1306 2036 Deus,
1330 1981 1552 2044 postquam
1568 1981 1707 2029 homo

2 2075 5 2111 j
78 2048 234 2098 foedere
256 2049 457 2098 exciderat
470 2085 483 2106 ,
508 2050 673 2098 foederis
686 2050 876 2113 symbola
889 2068 932 2097 ac
945 2053 1119 2114 pignora
1130 2047 1205 2111 ipsi
1220 2046 1431 2094 tractanda
1444 2051 1678 2112 permittere
1692 2068 1704 2095 z

31 2163 49 2173 „
79 2130 203 2179 atque
213 2117 294 2181 ipse
309 2134 486 2180 quoque
497 2118 632 2164 ablato
648 2116 670 2161 ὲ
687 2116 775 2162 sinu
791 2116 881 2176 ejus
894 2116 975 2163 isto
987 2116 1138 2163 amoris
1151 2116 1233 2162 Dei
1245 2112 1474 2161 arrhabone
1501 2132 1543 2160 ac
1556 2118 1708 2179 pigno-

81 2200 137 2241 re,
152 2183 226 2229 sese
241 2197 376 2230 morte
388 2183 565 2246 dignum
578 2183 692 2230 fateri
705 2181 890 2230 debebat.

143 2252 307 2297 XXIII.
341 2254 487 2312 Atque
510 2249 616 2296 hanc
639 2248 1000 2296 denunciationem
1013 2248 1196 2309 sequitur
1208 2248 1289 2311 ipsa
1301 2244 1483 2293 hominis
1495 2262 1608 2294 extra
1620 2246 1706 2294 for.
1732 2258 1765 2292 ³·
1780 2249 1868 2285 Αὶῗκ
1881 2246 1924 2283 2-

78 2320 218 2363 tunata
229 2314 303 2362 ista
315 2334 409 2363 arva
421 2318 611 2380 relegatio
627 2352 641 2368 ‚
666 2321 707 2362 &
721 2318 763 2361 in
777 2317 906 2362 alium
918 2315 1045 2362 veluti
1056 2315 1203 2360 orbem
1216 2347 1228 2369 ,
1255 2331 1299 2360 ac
1311 2316 1450 2377 potius
1462 2329 1706 2378 perpetuum
1728 2298 1879 2411 ι’ζῗιὶἕίἰβς

77 2585 217 2629 omnia
230 2584 491 2645 impellebant
505 2618 519 2635 ,
555 2582 661 2628 dum
671 2596 783 2628 extra
798 2583 834 2628 se
847 2595 1042 2628 creaturas
1052 2596 1211 2635 omncs,
1239 2579 1359 2625 suum
1372 2581 1429 2626 ob
1443 2582 1614 2635 crimen,
1628 2582 1712 2644 pri-

75 2649 183 2697 stino
206 2648 355 2697 decore
381 2650 590 2715 spoliatas,
617 2665 661 2696 ac
689 2647 837 2696 mundi
857 2647 939 2696 sata
963 2650 1200 2700 immutat&
1227 2648 1332 2693 intra
1346 2647 1421 2694 sese
1437 2660 1574 2694 autem
1588 2648 1716 2758 εετέιὶς

1539 2727 1636 2759 tum
1685 2739 1706 2750 ο
