2435 3212
675 190 757 238 432
1054 178 1234 221 L1u.
1305 174 1758 234 ILCApuT
1824 140 1994 219 VI-I.

462 274 497 297 2.
518 265 652 298 Remus.
711 295 714 298 ,
744 259 864 302 XVI.
903 259 1057 301 Reatus
1069 252 1360 314 jurisconsultis
1371 250 1431 299 est
1443 249 1650 306 conditio‚‘
1673 252 1716 295 in
1729 267 1812 312 qua
1824 251 1916 296 sunt
1929 252 1999 302 rei„
2014 247 2150 299 donec
2162 252 2227 311 yel
2240 251 2311 297 ab·

678 322 906 377 solvantur,
931 323 996 368 vel
1011 320 1357 367 condemnentur.
1391 317 1624 381 Theologis
1635 316 1707 371 est,
1732 316 1917 380 obligatio
1931 319 1987 363 ad
1989 333 2152 380 poenam
2165 335 2310 380 expec-

681 403 794 434 cato:
824 406 907 450 qua
933 388 1025 449 quis
1052 386 1204 433 dicitur
1226 379 1336 435 033³}
1359 390 1463 432 Lev.
1494 402 1530 444 5:
1560 402 1599 437 2,
1627 401 1664 445 3,
1688 399 1731 444 4,
1755 398 1790 443 5.
1828 396 1887 443 v‘gb’
1913 397 2089 448 ἁμμξτίων
2113 390 2208 444 ⁶3ch,
2229 384 2310 441 stab

677 470 837 518 peccato
862 455 928 516 eff&
941 470 952 506 3
982 459 1022 498 &
1050 461 1230 501 πὶπὸδὶκῶι
1253 463 1391 511 fimi->oq
1417 461 1465 501 πῖ
1486 463 1562 510 θεῶ,
1585 450 1875 511 obnoxiusfieri
1888 456 1989 498 Deo.
2004 456 2230 514 Rom.3:9,
2242 469 2306 510 19.

461 518 522 568 ‘lm'
531 514 661 568 duplex.
749 524 893 567 XV11.
929 520 1215 580 Consequitur
1239 534 1377 565 autem
1391 533 1618 582 peccatum,
1638 523 1794 579 partim
1807 533 1856 561 ex
1870 518 2078 564 intrinseca
2091 517 2176 578 ejus
2189 533 2310 566 natu-

680 605 722 632 ra
736 591 778 632 &
792 585 994 632 demerito
1012 605 1021 631 :
1047 602 1135 631 non
1147 587 1261 632 enim
1273 603 1332 632 res
1344 584 1481 631 media
1493 602 1538 631 ac
1549 574 1783 631 indifferens
1794 581 1854 628 est
1868 617 1880 637 ,
1903 583 1969 630 sed
1984 585 2050 631 sua
2062 600 2206 631 natura
2219 602 2310 648 Ροε-

681 669 777 698 nam
794 651 964 715 flagitat,
991 667 1037 698 ut
1050 651 1261 698 benefacta
1273 651 1438 698 laudem
1451 668 1494 697 ac
1507 652 1726 713 praemium
1739 666 1751 701 3
1782 648 1988 710 quodnisi
2003 650 2180 697 confufis
2192 669 2234 697 ac
2245 653 2311 696 in-

680 718 804 764 verfis
831 735 969 764 rerum
986 721 1164 772 naturis,
1201 720 1408 779 omnique
1419 718 1523 763 boni
1536 734 1580 763 ac
1592 718 1689 761 mali
1701 715 1932 762 discrimine
1944 718 2103 763 sublato
2125 753 2138 771 ,
2175 720 2311 780 negari

683 787 829 845 nequit
844 804 853 830 ι
863 792 1017 849 partim
1030 786 1181 831 virtute
1195 786 1290 846 legis
1302 782 1468 831 divinae.
1505 785 1620 829 Prius
1631 782 1884 828 intrinsecam
1899 800 2033 846 poenae
2047 783 2306 847 dignitatem,

679 851 880 914 posterius
893 852 1096 898 actualem
1111 849 1419 896 ordinationem
1433 849 1484 896 ad
1497 866 1667 913 poenam
1682 847 1794 895 dicit.
1832 849 1910 896 Iste
1922 867 2058 896 reatus
2066 855 2313 914 potentialis,

680 920 755 980 qui
780 919 801 962 a
827 933 993 980 peccato
1018 918 1286 980 inseparabilis
1299 916 1358 963 est
1372 934 1382 970 ;
1412 915 1479 962 hic
1493 933 1631 963 reatus
1641 917 1815 962 maala
1829 950 1843 971 ‚
1868 919 1943 980 qui
1969 933 2038 980 per
2063 919 2145 964 Dei
2158 918 2312 964 misteri-

679 983 869 1031 cordiam
884 985 934 1030 ab
946 1001 996 1030 eo
1010 985 1175 1047 separari
1188 983 1337 1047 potest,
1352 985 1590 1046 appellatur.

467 1078 539 1112 <aui
553 1089 603 1112 me
607 1075 664 1111 di·
751 1054 919 1098 XVIII.
934 1049 1008 1096 Est
1022 1068 1121 1114 ergo
1134 1065 1266 1097 reatus
1277 1049 1467 1097 medium
1480 1049 1585 1112 quid
1598 1052 1704 1096 inter
1716 1049 1879 1113 culpam
1894 1054 1937 1096 &
1950 1065 2121 1112 poenam
2137 1070 2146 1096 :
2162 1067 2212 1097 ex
2225 1054 2314 1097 cul-

466 1114 527 1170 ΖΞ,
539 1132 620 1181 quid
688 1135 737 1181 pa
750 1119 862 1162 enim
877 1118 1012 1163 oritur
1025 1151 1037 1171 ‚
1073 1122 1115 1162 &
1129 1116 1181 1163 ad
1194 1133 1365 1181 poenam
1377 1115 1492 1164 ducit
1501 1134 1513 1170 3
1526 1115 1627 1163 adeo
1640 1130 1686 1162 ut
1700 1132 1806 1162 unus
1821 1116 1869 1163 sit
1882 1130 2012 1163 reatus
2025 1119 2152 1179 culpae
2166 1122 2208 1164 δέ
2222 1134 2314 1181 poe-

472 1188 513 1236 est
523 1191 609 1223 mter
635 1233 666 1254 Ψ
688 1201 765 1237 nae,
779 1186 854 1245 qui
867 1185 972 1229 inter
983 1183 1081 1229 istos
1093 1185 1289 1245 utrinque
1301 1185 1500 1230 terminos
1513 1182 1673 1230 medius
1685 1184 1811 1229 veluti
1823 1182 2035 1229 intercedit
2050 1218 2061 1237 ‚
2076 1188 2119 1229 &
2133 1185 2183 1230 ab
2197 1201 2315 1234 utro-

470 1243 601 1289 culpam
622 1243 663 1278 ²³
688 1267 771 1312 que
783 1268 833 1296 ex
845 1267 971 1311 aequo
984 1249 1292 1297 denominatur.
1329 1258 1440 1313 Qae
1454 1266 1665 1314 perperam
1679 1266 1766 1295 non
1780 1249 2040 1313 distinguunt
2053 1251 2187 1297 solum
2202 1287 2214 1307 ,
2251 1250 2317 1298 sed

468 1308 607 1390 ⁴25?an
622 1319 630 1334 ’
690 1323 732 1363 &
758 1315 961 1363 divellunt
986 1316 1197 1363 Pontificii
1210 1352 1223 1371 ‚
1259 1316 1365 1363 dum
1389 1332 1549 1364 reatum
1573 1319 1700 1380 culpae
1726 1318 1817 1363 tolli
1841 1335 1885 1363 ac
1910 1319 2062 1363 remitti
2076 1315 2201 1378 poss‘e,
2226 1320 2317 1366 imo

471 1420 586 1446 reatus
691 1383 915 1444 aliquando
929 1385 1024 1430 actu
1036 1385 1127 1429 tolli
1141 1381 1350 1430 affirmant
1363 1419 1375 1439 ‚
1413 1386 1456 1430 in
1468 1386 1514 1430 iis
1526 1382 1649 1430 videl.
1665 1385 1740 1445 qui
1753 1385 1846 1446 igne
1858 1387 2100 1448 purgatorio
2116 1399 2320 1447 torquen-

470 1464 567 1512 culpa
581 1458 626 1506 ύ-
692 1465 762 1496 tur
773 1484 786 1505 ‚
812 1464 1001 1497 manente
1024 1465 1137 1496 reatu
1162 1466 1313 1513 poenae.
1351 1449 1488 1514 Qod
1512 1451 1645 1496 secum
1670 1451 1758 1512 ipso
1782 1465 1952 1514 pugnat,
1978 1468 2076 1497 cum
2089 1453 2205 1514 culpa
2218 1468 2322 1498 con·

473 1529 568 1569 poena
584 1526 670 1579 {mus
694 1515 848 1562 donata
861 1515 941 1562 dici
956 1533 1043 1563 non
1058 1515 1182 1579 poffit
1195 1552 1207 1571 ‚
1244 1516 1273 1562 fi
1289 1518 1490 1580 peccatori
1503 1533 1579 1580 pro
1592 1534 1636 1562 ea
1649 1515 1781 1563 adhuc
1794 1516 1996 1563 luendum
2010 1516 2060 1563 fit
2075 1538 2084 1563 :
2101 1523 2143 1564 &
2155 1517 2320 1577 justitiae

474 1572 598 1614 ⁶²0⁸
609 1569 673 1607 *ι’
698 1585 781 1630 Dei
793 1585 1047 1630 contrarium
1060 1583 1132 1639 est,
1147 1585 1221 1645 qui
1233 1598 1457 1630 creaturam
1469 1582 1554 1643 jam
1568 1584 1611 1628 in
1623 1584 1794 1646 gratiam
1808 1598 2026 1646 acceptam,
2041 1589 2084 1631 ὃς
2098 1587 2226 1648 culpae
2242 1587 2322 1631 im-

475 1630 669 1727 ἴῖζζῗιὲῗῖζ.
698 1666 872 1695 munem
886 1685 897 1701 ,
937 1664 1078 1695 tamen
1101 1651 1229 1696 veluti
1254 1650 1414 1697 sontem
1428 1651 1612 1713 persequi
1625 1666 1712 1695 non
1727 1648 1895 1696 desinat.
1921 1652 1961 1696 Si
1976 1668 2073 1698 vero
2086 1650 2321 1698 distinotio-

477 1741 534 1789 qm·
549 1711 669 1774 redaru-
699 1733 795 1762 nem
809 1716 928 1762 istam
944 1715 996 1762 (ic
1008 1719 1209 1780 explicent
1221 1753 1232 1768 ,
1262 1732 1309 1762 ut
1322 1734 1392 1780 per
1404 1731 1562 1763 reatum
1575 1718 1702 1780 culpae
1726 1717 1953 1779 intelligant
1967 1717 2009 1764 id
2023 1717 2143 1779 quod
2157 1735 2232 1765 nos
2245 1736 2324 1764 vo-

472 1804 639 1844 guuntur.
700 1801 838 1829 camus
850 1798 1008 1829 reatum
1023 1785 1287 1845 potentialem
1302 1818 1314 1837 ,
1352 1789 1395 1829 δε
1409 1800 1480 1846 per
1492 1798 1651 1829 reatum
1664 1799 1799 1846 poenae
1813 1797 1971 1829 reatum
1986 1784 2327 1846 ael-ualem‚qu0d

699 1851 976 1896 Bell-aiminus
991 1852 1084 1898 facit
1098 1884 1109 1903 ,
1146 1849 1419 1896 incommode
1436 1849 1551 1896 valde
1563 1851 1812 1910 loquuntur,
1838 1865 1911 1895 nec
1923 1849 2223 1913 hypothesibus
2235 1852 2326 1906 suis,

699 1918 852 1976 quibus
888 1915 1101 1962 firmandis
1136 1915 1413 1963 scholasticam
1447 1915 1554 1963 hanc
1587 1915 1897 1963 distinctionem
1921 1919 2169 1965 invenerunt
2193 1952 2205 1972 ‚
2240 1920 2328 1965 finis

698 1983 889 2030 serviunt.

768 2054 884 2096 XIX.
917 2054 1063 2111 Atque
1077 2066 1125 2096 ex
1139 2048 1213 2096 hac
1226 2053 1395 2098 maculae
1410 2067 1453 2097 ac
1465 2065 1595 2098 reatus
1607 2049 1757 2097 diversa
1771 2049 2095 2098 consideratione
2107 2066 2215 2115 patet
2229 2069 2330 2099 con·

698 2130 763 2162 tra
777 2116 1033 2168 pontificios,
1066 2117 1291 2178 quomodo
1305 2121 1347 2163 in
1359 2119 1562 2181 baptismo
1576 2119 1727 2181 peccati
1737 2119 1943 2179 originalis
1959 2134 2089 2165 reatus
2103 2118 2224 2164 deleri
2237 2119 2330 2183 pos-

705 2182 771 2236 fit,
787 2198 978 2230 manente
991 2182 1075 2241 ejus
1088 2186 1248 2231 macula
1263 2202 1272 2237 ;
1294 2199 1341 2231 ut
1354 2203 1442 2232 non
1455 2202 1560 2250 opus
1573 2183 1623 2230 fit
1635 2201 1731 2230 cum
1746 2183 1838 2245 ipfis
1851 2183 2022 2230 statuere
2035 2221 2046 2237 ‚
2080 2187 2205 2248 ipsam
2220 2203 2331 2247 quo-

704 2267 788 2311 que
813 2250 946 2296 labem
963 2285 975 2304 ‚
1001 2252 1068 2296 stin
1094 2253 1463 2314 concupiscentiam
1489 2287 1502 2307 ‚
1536 2268 1607 2314 per
1632 2251 1888 2298 ablutionem
1917 2249 2035 2296 istam
2049 2254 2154 2298 tolli.
2195 2250 2332 2312 Qod

703 2319 862 2363 mirum
884 2319 926 2361 in
952 2315 1179 2364 adverffiriis
1200 2318 1259 2365 est
1283 2355 1294 2371 ‚
1350 2318 1470 2381 quod
1512 2334 1623 2363 nunc
1647 2318 1850 2363 maculam
1874 2322 1916 2363 &
1941 2333 2098 2364 reatum
2125 2320 2331 2381 primaevae

704 2383 818 2429 istius
842 2399 964 2430 noxae
979 2383 1080 2430 adeo
1095 2385 1396 2448 inseparabilem
1410 2386 1557 2433 faciant
1576 2401 1590 2436 3
1616 2399 1714 2429 cum
1725 2398 1863 2429 tamen
1877 2400 1980 2429 mox
1995 2384 2217 2433 viderimus
2229 2385 2333 2449 ipsos

705 2465 866 2497 reatum
892 2467 1027 2513 poenae
1042 2452 1063 2496 a
1077 2453 1193 2515 culpa
1207 2454 1387 2499 nimium
1413 2466 1620 2514 quantum
1632 2449 1850 2513 discerpere
1863 2452 1904 2495 in
1918 2451 1977 2506 iis,
1992 2454 2066 2513 qui
2079 2454 2122 2497 in
2137 2466 2334 2516 purgato-

708 2518 771 2562 rio
783 2518 1031 2564 cruciantur.
1068 2522 1119 2565 In
1136 2536 1225 2580 quo
1241 2518 1314 2564 fibi
1329 2517 1546 2565 manifesto
1558 2515 1860 2563 contradicunt.

496 2604 530 2638 3.
545 2594 661 2629 Poena.
775 2588 816 2631 X
830 2586 880 2629 X.
922 2587 1091 2630 Tertius
1115 2587 1263 2647 peccati
1291 2582 1460 2632 effeetus
1482 2583 1540 2630 est
1563 2601 1681 2647 poena
1697 2603 1706 2629 ε
1722 2582 1841 2644 quod
1855 2581 1912 2628 est
1926 2585 2005 2628 mal
2013 2601 2083 2630 um
2097 2586 2118 2630 a
2134 2589 2230 2632 Deo
2245 2587 2336 2631 vin-

708 2648 796 2696 dice
820 2652 1020 2713 peccatori
1046 2667 1215 2715 propter
1239 2666 1452 2715 peccatum
1465 2650 1673 2700 inflictum
1689 2683 1703 2706 ,
1737 2651 1772 2696 ei
1786 2648 2021 2712 castigando
2036 2654 2134 2699 acin
2146 2652 2337 2700 ordinem

2233 2719 2339 2766 redi-
